%YAML 1.1
%TAG !u! tag:unity3d.com,2011:
--- !u!29 &1
OcclusionCullingSettings:
  m_ObjectHideFlags: 0
  serializedVersion: 2
  m_OcclusionBakeSettings:
    smallestOccluder: 5
    smallestHole: 0.25
    backfaceThreshold: 100
  m_SceneGUID: 00000000000000000000000000000000
  m_OcclusionCullingData: {fileID: 0}
--- !u!104 &2
RenderSettings:
  m_ObjectHideFlags: 0
  serializedVersion: 8
  m_Fog: 0
  m_FogColor: {r: 0.5, g: 0.5, b: 0.5, a: 1}
  m_FogMode: 3
  m_FogDensity: 0.01
  m_LinearFogStart: 0
  m_LinearFogEnd: 300
  m_AmbientSkyColor: {r: 0.212, g: 0.227, b: 0.259, a: 1}
  m_AmbientEquatorColor: {r: 0.114, g: 0.125, b: 0.133, a: 1}
  m_AmbientGroundColor: {r: 0.047, g: 0.043, b: 0.035, a: 1}
  m_AmbientIntensity: 1
  m_AmbientMode: 3
  m_SubtractiveShadowColor: {r: 0.42, g: 0.478, b: 0.627, a: 1}
  m_SkyboxMaterial: {fileID: 0}
  m_HaloStrength: 0.5
  m_FlareStrength: 1
  m_FlareFadeSpeed: 3
  m_HaloTexture: {fileID: 0}
  m_SpotCookie: {fileID: 10001, guid: 0000000000000000e000000000000000, type: 0}
  m_DefaultReflectionMode: 0
  m_DefaultReflectionResolution: 128
  m_ReflectionBounces: 1
  m_ReflectionIntensity: 1
  m_CustomReflection: {fileID: 0}
  m_Sun: {fileID: 0}
  m_IndirectSpecularColor: {r: 0, g: 0, b: 0, a: 1}
--- !u!157 &3
LightmapSettings:
  m_ObjectHideFlags: 0
  serializedVersion: 11
  m_GIWorkflowMode: 1
  m_GISettings:
    serializedVersion: 2
    m_BounceScale: 1
    m_IndirectOutputScale: 1
    m_AlbedoBoost: 1
    m_TemporalCoherenceThreshold: 1
    m_EnvironmentLightingMode: 0
    m_EnableBakedLightmaps: 0
    m_EnableRealtimeLightmaps: 0
  m_LightmapEditorSettings:
    serializedVersion: 9
    m_Resolution: 2
    m_BakeResolution: 40
    m_TextureWidth: 1024
    m_TextureHeight: 1024
    m_AO: 0
    m_AOMaxDistance: 1
    m_CompAOExponent: 1
    m_CompAOExponentDirect: 0
    m_Padding: 2
    m_LightmapParameters: {fileID: 0}
    m_LightmapsBakeMode: 1
    m_TextureCompression: 1
    m_FinalGather: 0
    m_FinalGatherFiltering: 1
    m_FinalGatherRayCount: 256
    m_ReflectionCompression: 2
    m_MixedBakeMode: 2
    m_BakeBackend: 0
    m_PVRSampling: 1
    m_PVRDirectSampleCount: 32
    m_PVRSampleCount: 500
    m_PVRBounces: 2
    m_PVRFilterTypeDirect: 0
    m_PVRFilterTypeIndirect: 0
    m_PVRFilterTypeAO: 0
    m_PVRFilteringMode: 1
    m_PVRCulling: 1
    m_PVRFilteringGaussRadiusDirect: 1
    m_PVRFilteringGaussRadiusIndirect: 5
    m_PVRFilteringGaussRadiusAO: 2
    m_PVRFilteringAtrousPositionSigmaDirect: 0.5
    m_PVRFilteringAtrousPositionSigmaIndirect: 2
    m_PVRFilteringAtrousPositionSigmaAO: 1
    m_ShowResolutionOverlay: 1
  m_LightingDataAsset: {fileID: 0}
  m_UseShadowmask: 1
--- !u!196 &4
NavMeshSettings:
  serializedVersion: 2
  m_ObjectHideFlags: 0
  m_BuildSettings:
    serializedVersion: 2
    agentTypeID: 0
    agentRadius: 0.5
    agentHeight: 2
    agentSlope: 45
    agentClimb: 0.4
    ledgeDropHeight: 0
    maxJumpAcrossDistance: 0
    minRegionArea: 2
    manualCellSize: 0
    cellSize: 0.16666667
    manualTileSize: 0
    tileSize: 256
    accuratePlacement: 0
    debug:
      m_Flags: 0
  m_NavMeshData: {fileID: 0}
--- !u!1 &16180155
GameObject:
  m_ObjectHideFlags: 0
  m_PrefabParentObject: {fileID: 0}
  m_PrefabInternal: {fileID: 0}
  serializedVersion: 5
  m_Component:
  - component: {fileID: 16180157}
  - component: {fileID: 16180156}
  - component: {fileID: 16180159}
  - component: {fileID: 16180158}
  m_Layer: 8
  m_Name: branch3
  m_TagString: Untagged
  m_Icon: {fileID: -964228994112308473, guid: 0000000000000000d000000000000000, type: 0}
  m_NavMeshLayer: 0
  m_StaticEditorFlags: 0
  m_IsActive: 1
--- !u!212 &16180156
SpriteRenderer:
  m_ObjectHideFlags: 0
  m_PrefabParentObject: {fileID: 0}
  m_PrefabInternal: {fileID: 0}
  m_GameObject: {fileID: 16180155}
  m_Enabled: 1
  m_CastShadows: 0
  m_ReceiveShadows: 0
  m_DynamicOccludee: 1
  m_MotionVectors: 1
  m_LightProbeUsage: 1
  m_ReflectionProbeUsage: 1
  m_Materials:
  - {fileID: 10754, guid: 0000000000000000f000000000000000, type: 0}
  m_StaticBatchInfo:
    firstSubMesh: 0
    subMeshCount: 0
  m_StaticBatchRoot: {fileID: 0}
  m_ProbeAnchor: {fileID: 0}
  m_LightProbeVolumeOverride: {fileID: 0}
  m_ScaleInLightmap: 1
  m_PreserveUVs: 0
  m_IgnoreNormalsForChartDetection: 0
  m_ImportantGI: 0
  m_StitchLightmapSeams: 0
  m_SelectedEditorRenderState: 0
  m_MinimumChartSize: 4
  m_AutoUVMaxDistance: 0.5
  m_AutoUVMaxAngle: 89
  m_LightmapParameters: {fileID: 0}
  m_SortingLayerID: 1932193627
  m_SortingLayer: 2
  m_SortingOrder: 0
  m_Sprite: {fileID: 21300000, guid: 30d5b9b9c4160d14fbc6bf0ec1c6a009, type: 3}
  m_Color: {r: 1, g: 1, b: 1, a: 1}
  m_FlipX: 0
  m_FlipY: 0
  m_DrawMode: 0
  m_Size: {x: 2.51, y: 4.11}
  m_AdaptiveModeThreshold: 0.5
  m_SpriteTileMode: 0
  m_WasSpriteAssigned: 1
  m_MaskInteraction: 0
--- !u!4 &16180157
Transform:
  m_ObjectHideFlags: 0
  m_PrefabParentObject: {fileID: 0}
  m_PrefabInternal: {fileID: 0}
  m_GameObject: {fileID: 16180155}
  m_LocalRotation: {x: 0, y: 0, z: 0, w: 1}
  m_LocalPosition: {x: -6, y: -0.46, z: 0}
  m_LocalScale: {x: 1, y: 1, z: 1}
  m_Children: []
  m_Father: {fileID: 0}
  m_RootOrder: 12
  m_LocalEulerAnglesHint: {x: 0, y: 0, z: 0}
--- !u!60 &16180158
PolygonCollider2D:
  m_ObjectHideFlags: 0
  m_PrefabParentObject: {fileID: 0}
  m_PrefabInternal: {fileID: 0}
  m_GameObject: {fileID: 16180155}
  m_Enabled: 1
  m_Density: 1
  m_Material: {fileID: 0}
  m_IsTrigger: 0
  m_UsedByEffector: 0
  m_UsedByComposite: 0
  m_Offset: {x: 0, y: 0}
  m_SpriteTilingProperty:
    border: {x: 0, y: 0, z: 0, w: 0}
    pivot: {x: 0.5, y: 0.5}
    oldSize: {x: 2.51, y: 4.11}
    newSize: {x: 2.51, y: 4.11}
    adaptiveTilingThreshold: 0.5
    drawMode: 0
    adaptiveTiling: 0
  m_AutoTiling: 0
  m_Points:
    m_Paths:
    - - {x: 0.315, y: -1.5649999}
      - {x: 0.305, y: -1.285}
      - {x: 0.325, y: -0.505}
      - {x: 0.33499998, y: 0.255}
      - {x: 0.36499998, y: 0.305}
      - {x: 0.685, y: 0.555}
      - {x: 0.935, y: 0.545}
      - {x: 1.045, y: 0.59499997}
      - {x: 1.255, y: 0.825}
      - {x: 1.255, y: 0.895}
      - {x: 1.185, y: 0.935}
      - {x: 0.905, y: 0.945}
      - {x: 0.79499996, y: 0.91499996}
      - {x: 0.635, y: 0.675}
      - {x: 0.475, y: 0.625}
      - {x: 0.355, y: 0.575}
      - {x: 0.39499998, y: 1.8449999}
      - {x: 0.385, y: 2.055}
      - {x: 0.205, y: 2.055}
      - {x: -0.235, y: 1.995}
      - {x: -0.39499998, y: 2.0049999}
      - {x: -0.435, y: 1.805}
      - {x: -0.39499998, y: 1.365}
      - {x: -0.385, y: 0.895}
      - {x: -0.36499998, y: -0.024999999}
      - {x: -0.355, y: -0.49499997}
      - {x: -0.585, y: -0.53499997}
      - {x: -0.49499997, y: -0.355}
      - {x: -0.515, y: -0.16499999}
      - {x: -0.705, y: 0.024999999}
      - {x: -0.835, y: 0.095}
      - {x: -0.885, y: -0.065}
      - {x: -0.885, y: -0.36499998}
      - {x: -0.825, y: -0.445}
      - {x: -0.685, y: -0.505}
      - {x: -0.805, y: -0.465}
      - {x: -0.825, y: -0.48499998}
      - {x: -0.825, y: -0.78499997}
      - {x: -0.72499996, y: -0.885}
      - {x: -0.33499998, y: -1.2149999}
      - {x: -0.33499998, y: -1.415}
      - {x: -0.325, y: -1.885}
      - {x: -0.315, y: -2.055}
      - {x: -0.175, y: -2.055}
      - {x: 0.255, y: -1.9549999}
      - {x: 0.375, y: -1.925}
      - {x: 0.415, y: -1.8449999}
    - - {x: -0.72499996, y: -0.955}
      - {x: -0.805, y: -0.905}
      - {x: -0.98499995, y: -0.905}
      - {x: -1.255, y: -1.115}
      - {x: -1.255, y: -1.2049999}
      - {x: -1.155, y: -1.245}
      - {x: -1.045, y: -1.285}
      - {x: -0.84499997, y: -1.285}
      - {x: -0.755, y: -1.255}
      - {x: -0.615, y: -1.045}
      - {x: -0.615, y: -1.005}
--- !u!50 &16180159
Rigidbody2D:
  serializedVersion: 4
  m_ObjectHideFlags: 0
  m_PrefabParentObject: {fileID: 0}
  m_PrefabInternal: {fileID: 0}
  m_GameObject: {fileID: 16180155}
  m_BodyType: 0
  m_Simulated: 0
  m_UseFullKinematicContacts: 0
  m_UseAutoMass: 1
  m_Mass: 3.7174
  m_LinearDrag: 0
  m_AngularDrag: 0.05
  m_GravityScale: 1
  m_Material: {fileID: 0}
  m_Interpolate: 0
  m_SleepingMode: 1
  m_CollisionDetection: 0
  m_Constraints: 0
--- !u!1 &162438808
GameObject:
  m_ObjectHideFlags: 0
  m_PrefabParentObject: {fileID: 0}
  m_PrefabInternal: {fileID: 0}
  serializedVersion: 5
  m_Component:
  - component: {fileID: 162438810}
  - component: {fileID: 162438809}
  m_Layer: 0
  m_Name: bg
  m_TagString: Untagged
  m_Icon: {fileID: 0}
  m_NavMeshLayer: 0
  m_StaticEditorFlags: 0
  m_IsActive: 1
--- !u!212 &162438809
SpriteRenderer:
  m_ObjectHideFlags: 0
  m_PrefabParentObject: {fileID: 0}
  m_PrefabInternal: {fileID: 0}
  m_GameObject: {fileID: 162438808}
  m_Enabled: 1
  m_CastShadows: 0
  m_ReceiveShadows: 0
  m_DynamicOccludee: 1
  m_MotionVectors: 1
  m_LightProbeUsage: 1
  m_ReflectionProbeUsage: 1
  m_Materials:
  - {fileID: 10754, guid: 0000000000000000f000000000000000, type: 0}
  m_StaticBatchInfo:
    firstSubMesh: 0
    subMeshCount: 0
  m_StaticBatchRoot: {fileID: 0}
  m_ProbeAnchor: {fileID: 0}
  m_LightProbeVolumeOverride: {fileID: 0}
  m_ScaleInLightmap: 1
  m_PreserveUVs: 0
  m_IgnoreNormalsForChartDetection: 0
  m_ImportantGI: 0
  m_StitchLightmapSeams: 0
  m_SelectedEditorRenderState: 0
  m_MinimumChartSize: 4
  m_AutoUVMaxDistance: 0.5
  m_AutoUVMaxAngle: 89
  m_LightmapParameters: {fileID: 0}
  m_SortingLayerID: 406426081
  m_SortingLayer: 1
  m_SortingOrder: 0
  m_Sprite: {fileID: 21300000, guid: 363b2e3f654446c46aef1c96b4eaa9ee, type: 3}
  m_Color: {r: 1, g: 1, b: 1, a: 1}
  m_FlipX: 0
  m_FlipY: 0
  m_DrawMode: 0
  m_Size: {x: 25.609999, y: 14.459999}
  m_AdaptiveModeThreshold: 0.5
  m_SpriteTileMode: 0
  m_WasSpriteAssigned: 1
  m_MaskInteraction: 0
--- !u!4 &162438810
Transform:
  m_ObjectHideFlags: 0
  m_PrefabParentObject: {fileID: 0}
  m_PrefabInternal: {fileID: 0}
  m_GameObject: {fileID: 162438808}
  m_LocalRotation: {x: 0, y: 0, z: 0, w: 1}
  m_LocalPosition: {x: 0, y: 0, z: 0}
  m_LocalScale: {x: 1, y: 1, z: 1}
  m_Children: []
  m_Father: {fileID: 0}
  m_RootOrder: 10
  m_LocalEulerAnglesHint: {x: 0, y: 0, z: 0}
--- !u!1 &218260430
GameObject:
  m_ObjectHideFlags: 0
  m_PrefabParentObject: {fileID: 0}
  m_PrefabInternal: {fileID: 0}
  serializedVersion: 5
  m_Component:
  - component: {fileID: 218260432}
  - component: {fileID: 218260431}
  - component: {fileID: 218260434}
  - component: {fileID: 218260433}
  m_Layer: 8
  m_Name: branch4
  m_TagString: Untagged
  m_Icon: {fileID: -964228994112308473, guid: 0000000000000000d000000000000000, type: 0}
  m_NavMeshLayer: 0
  m_StaticEditorFlags: 0
  m_IsActive: 1
--- !u!212 &218260431
SpriteRenderer:
  m_ObjectHideFlags: 0
  m_PrefabParentObject: {fileID: 0}
  m_PrefabInternal: {fileID: 0}
  m_GameObject: {fileID: 218260430}
  m_Enabled: 1
  m_CastShadows: 0
  m_ReceiveShadows: 0
  m_DynamicOccludee: 1
  m_MotionVectors: 1
  m_LightProbeUsage: 1
  m_ReflectionProbeUsage: 1
  m_Materials:
  - {fileID: 10754, guid: 0000000000000000f000000000000000, type: 0}
  m_StaticBatchInfo:
    firstSubMesh: 0
    subMeshCount: 0
  m_StaticBatchRoot: {fileID: 0}
  m_ProbeAnchor: {fileID: 0}
  m_LightProbeVolumeOverride: {fileID: 0}
  m_ScaleInLightmap: 1
  m_PreserveUVs: 0
  m_IgnoreNormalsForChartDetection: 0
  m_ImportantGI: 0
  m_StitchLightmapSeams: 0
  m_SelectedEditorRenderState: 0
  m_MinimumChartSize: 4
  m_AutoUVMaxDistance: 0.5
  m_AutoUVMaxAngle: 89
  m_LightmapParameters: {fileID: 0}
  m_SortingLayerID: 1932193627
  m_SortingLayer: 2
  m_SortingOrder: 0
  m_Sprite: {fileID: 21300000, guid: 30d5b9b9c4160d14fbc6bf0ec1c6a009, type: 3}
  m_Color: {r: 1, g: 1, b: 1, a: 1}
  m_FlipX: 0
  m_FlipY: 0
  m_DrawMode: 0
  m_Size: {x: 2.51, y: 4.11}
  m_AdaptiveModeThreshold: 0.5
  m_SpriteTileMode: 0
  m_WasSpriteAssigned: 1
  m_MaskInteraction: 0
--- !u!4 &218260432
Transform:
  m_ObjectHideFlags: 0
  m_PrefabParentObject: {fileID: 0}
  m_PrefabInternal: {fileID: 0}
  m_GameObject: {fileID: 218260430}
  m_LocalRotation: {x: -0, y: -0, z: -0.89532036, w: 0.4454229}
  m_LocalPosition: {x: 2.33, y: 2.54, z: 0}
  m_LocalScale: {x: 1, y: 1, z: 1}
  m_Children: []
  m_Father: {fileID: 0}
  m_RootOrder: 13
  m_LocalEulerAnglesHint: {x: 0, y: 0, z: -127.09901}
--- !u!60 &218260433
PolygonCollider2D:
  m_ObjectHideFlags: 0
  m_PrefabParentObject: {fileID: 0}
  m_PrefabInternal: {fileID: 0}
  m_GameObject: {fileID: 218260430}
  m_Enabled: 1
  m_Density: 1
  m_Material: {fileID: 0}
  m_IsTrigger: 0
  m_UsedByEffector: 0
  m_UsedByComposite: 0
  m_Offset: {x: 0, y: 0}
  m_SpriteTilingProperty:
    border: {x: 0, y: 0, z: 0, w: 0}
    pivot: {x: 0.5, y: 0.5}
    oldSize: {x: 2.51, y: 4.11}
    newSize: {x: 2.51, y: 4.11}
    adaptiveTilingThreshold: 0.5
    drawMode: 0
    adaptiveTiling: 0
  m_AutoTiling: 0
  m_Points:
    m_Paths:
    - - {x: 0.315, y: -1.5649999}
      - {x: 0.305, y: -1.285}
      - {x: 0.325, y: -0.505}
      - {x: 0.33499998, y: 0.255}
      - {x: 0.36499998, y: 0.305}
      - {x: 0.685, y: 0.555}
      - {x: 0.935, y: 0.545}
      - {x: 1.045, y: 0.59499997}
      - {x: 1.255, y: 0.825}
      - {x: 1.255, y: 0.895}
      - {x: 1.185, y: 0.935}
      - {x: 0.905, y: 0.945}
      - {x: 0.79499996, y: 0.91499996}
      - {x: 0.635, y: 0.675}
      - {x: 0.475, y: 0.625}
      - {x: 0.355, y: 0.575}
      - {x: 0.39499998, y: 1.8449999}
      - {x: 0.385, y: 2.055}
      - {x: 0.205, y: 2.055}
      - {x: -0.235, y: 1.995}
      - {x: -0.39499998, y: 2.0049999}
      - {x: -0.435, y: 1.805}
      - {x: -0.39499998, y: 1.365}
      - {x: -0.385, y: 0.895}
      - {x: -0.36499998, y: -0.024999999}
      - {x: -0.355, y: -0.49499997}
      - {x: -0.585, y: -0.53499997}
      - {x: -0.49499997, y: -0.355}
      - {x: -0.515, y: -0.16499999}
      - {x: -0.705, y: 0.024999999}
      - {x: -0.835, y: 0.095}
      - {x: -0.885, y: -0.065}
      - {x: -0.885, y: -0.36499998}
      - {x: -0.825, y: -0.445}
      - {x: -0.685, y: -0.505}
      - {x: -0.805, y: -0.465}
      - {x: -0.825, y: -0.48499998}
      - {x: -0.825, y: -0.78499997}
      - {x: -0.72499996, y: -0.885}
      - {x: -0.33499998, y: -1.2149999}
      - {x: -0.33499998, y: -1.415}
      - {x: -0.325, y: -1.885}
      - {x: -0.315, y: -2.055}
      - {x: -0.175, y: -2.055}
      - {x: 0.255, y: -1.9549999}
      - {x: 0.375, y: -1.925}
      - {x: 0.415, y: -1.8449999}
    - - {x: -0.72499996, y: -0.955}
      - {x: -0.805, y: -0.905}
      - {x: -0.98499995, y: -0.905}
      - {x: -1.255, y: -1.115}
      - {x: -1.255, y: -1.2049999}
      - {x: -1.155, y: -1.245}
      - {x: -1.045, y: -1.285}
      - {x: -0.84499997, y: -1.285}
      - {x: -0.755, y: -1.255}
      - {x: -0.615, y: -1.045}
      - {x: -0.615, y: -1.005}
--- !u!50 &218260434
Rigidbody2D:
  serializedVersion: 4
  m_ObjectHideFlags: 0
  m_PrefabParentObject: {fileID: 0}
  m_PrefabInternal: {fileID: 0}
  m_GameObject: {fileID: 218260430}
  m_BodyType: 0
  m_Simulated: 0
  m_UseFullKinematicContacts: 0
  m_UseAutoMass: 1
  m_Mass: 3.7173996
  m_LinearDrag: 0
  m_AngularDrag: 0.05
  m_GravityScale: 1
  m_Material: {fileID: 0}
  m_Interpolate: 0
  m_SleepingMode: 1
  m_CollisionDetection: 0
  m_Constraints: 0
--- !u!1001 &229955306
Prefab:
  m_ObjectHideFlags: 0
  serializedVersion: 2
  m_Modification:
    m_TransformParent: {fileID: 0}
    m_Modifications:
    - target: {fileID: 114270070152377740, guid: b81be460bd836754ba2eaca6019560a2,
        type: 2}
      propertyPath: InventoryImage.Array.size
      value: 2
      objectReference: {fileID: 0}
    - target: {fileID: 114415401793385700, guid: b81be460bd836754ba2eaca6019560a2,
        type: 2}
      propertyPath: m_OnClick.m_PersistentCalls.m_Calls.Array.size
      value: 1
      objectReference: {fileID: 0}
    - target: {fileID: 114471843351695358, guid: b81be460bd836754ba2eaca6019560a2,
        type: 2}
      propertyPath: m_OnClick.m_PersistentCalls.m_Calls.Array.size
      value: 1
      objectReference: {fileID: 0}
    - target: {fileID: 114647885964500730, guid: b81be460bd836754ba2eaca6019560a2,
        type: 2}
      propertyPath: m_OnClick.m_PersistentCalls.m_Calls.Array.size
      value: 1
      objectReference: {fileID: 0}
    - target: {fileID: 224842067625062698, guid: b81be460bd836754ba2eaca6019560a2,
        type: 2}
      propertyPath: m_LocalPosition.x
      value: 0
      objectReference: {fileID: 0}
    - target: {fileID: 224842067625062698, guid: b81be460bd836754ba2eaca6019560a2,
        type: 2}
      propertyPath: m_LocalPosition.y
      value: 0
      objectReference: {fileID: 0}
    - target: {fileID: 224842067625062698, guid: b81be460bd836754ba2eaca6019560a2,
        type: 2}
      propertyPath: m_LocalPosition.z
      value: 0
      objectReference: {fileID: 0}
    - target: {fileID: 224842067625062698, guid: b81be460bd836754ba2eaca6019560a2,
        type: 2}
      propertyPath: m_LocalRotation.x
      value: 0
      objectReference: {fileID: 0}
    - target: {fileID: 224842067625062698, guid: b81be460bd836754ba2eaca6019560a2,
        type: 2}
      propertyPath: m_LocalRotation.y
      value: 0
      objectReference: {fileID: 0}
    - target: {fileID: 224842067625062698, guid: b81be460bd836754ba2eaca6019560a2,
        type: 2}
      propertyPath: m_LocalRotation.z
      value: 0
      objectReference: {fileID: 0}
    - target: {fileID: 224842067625062698, guid: b81be460bd836754ba2eaca6019560a2,
        type: 2}
      propertyPath: m_LocalRotation.w
      value: 1
      objectReference: {fileID: 0}
    - target: {fileID: 224842067625062698, guid: b81be460bd836754ba2eaca6019560a2,
        type: 2}
      propertyPath: m_RootOrder
      value: 8
      objectReference: {fileID: 0}
    - target: {fileID: 224842067625062698, guid: b81be460bd836754ba2eaca6019560a2,
        type: 2}
      propertyPath: m_AnchoredPosition.x
      value: 0
      objectReference: {fileID: 0}
    - target: {fileID: 224842067625062698, guid: b81be460bd836754ba2eaca6019560a2,
        type: 2}
      propertyPath: m_AnchoredPosition.y
      value: 0
      objectReference: {fileID: 0}
    - target: {fileID: 224842067625062698, guid: b81be460bd836754ba2eaca6019560a2,
        type: 2}
      propertyPath: m_SizeDelta.x
      value: 0
      objectReference: {fileID: 0}
    - target: {fileID: 224842067625062698, guid: b81be460bd836754ba2eaca6019560a2,
        type: 2}
      propertyPath: m_SizeDelta.y
      value: 0
      objectReference: {fileID: 0}
    - target: {fileID: 224842067625062698, guid: b81be460bd836754ba2eaca6019560a2,
        type: 2}
      propertyPath: m_AnchorMin.x
      value: 0
      objectReference: {fileID: 0}
    - target: {fileID: 224842067625062698, guid: b81be460bd836754ba2eaca6019560a2,
        type: 2}
      propertyPath: m_AnchorMin.y
      value: 0
      objectReference: {fileID: 0}
    - target: {fileID: 224842067625062698, guid: b81be460bd836754ba2eaca6019560a2,
        type: 2}
      propertyPath: m_AnchorMax.x
      value: 0
      objectReference: {fileID: 0}
    - target: {fileID: 224842067625062698, guid: b81be460bd836754ba2eaca6019560a2,
        type: 2}
      propertyPath: m_AnchorMax.y
      value: 0
      objectReference: {fileID: 0}
    - target: {fileID: 224842067625062698, guid: b81be460bd836754ba2eaca6019560a2,
        type: 2}
      propertyPath: m_Pivot.x
      value: 0
      objectReference: {fileID: 0}
    - target: {fileID: 224842067625062698, guid: b81be460bd836754ba2eaca6019560a2,
        type: 2}
      propertyPath: m_Pivot.y
      value: 0
      objectReference: {fileID: 0}
    - target: {fileID: 224231104932829124, guid: b81be460bd836754ba2eaca6019560a2,
        type: 2}
      propertyPath: m_AnchorMin.y
      value: 1
      objectReference: {fileID: 0}
    - target: {fileID: 224231104932829124, guid: b81be460bd836754ba2eaca6019560a2,
        type: 2}
      propertyPath: m_AnchorMax.y
      value: 1
      objectReference: {fileID: 0}
    - target: {fileID: 224231104932829124, guid: b81be460bd836754ba2eaca6019560a2,
        type: 2}
      propertyPath: m_AnchoredPosition.x
      value: 47.5
      objectReference: {fileID: 0}
    - target: {fileID: 224231104932829124, guid: b81be460bd836754ba2eaca6019560a2,
        type: 2}
      propertyPath: m_AnchoredPosition.y
      value: -47.5
      objectReference: {fileID: 0}
    - target: {fileID: 224231104932829124, guid: b81be460bd836754ba2eaca6019560a2,
        type: 2}
      propertyPath: m_SizeDelta.x
      value: 95
      objectReference: {fileID: 0}
    - target: {fileID: 224231104932829124, guid: b81be460bd836754ba2eaca6019560a2,
        type: 2}
      propertyPath: m_SizeDelta.y
      value: 95
      objectReference: {fileID: 0}
    - target: {fileID: 224716824273325122, guid: b81be460bd836754ba2eaca6019560a2,
        type: 2}
      propertyPath: m_AnchorMin.y
      value: 1
      objectReference: {fileID: 0}
    - target: {fileID: 224716824273325122, guid: b81be460bd836754ba2eaca6019560a2,
        type: 2}
      propertyPath: m_AnchorMax.y
      value: 1
      objectReference: {fileID: 0}
    - target: {fileID: 224716824273325122, guid: b81be460bd836754ba2eaca6019560a2,
        type: 2}
      propertyPath: m_AnchoredPosition.x
      value: 147.5
      objectReference: {fileID: 0}
    - target: {fileID: 224716824273325122, guid: b81be460bd836754ba2eaca6019560a2,
        type: 2}
      propertyPath: m_AnchoredPosition.y
      value: -47.5
      objectReference: {fileID: 0}
    - target: {fileID: 224716824273325122, guid: b81be460bd836754ba2eaca6019560a2,
        type: 2}
      propertyPath: m_SizeDelta.x
      value: 95
      objectReference: {fileID: 0}
    - target: {fileID: 224716824273325122, guid: b81be460bd836754ba2eaca6019560a2,
        type: 2}
      propertyPath: m_SizeDelta.y
      value: 95
      objectReference: {fileID: 0}
    - target: {fileID: 224799267457429756, guid: b81be460bd836754ba2eaca6019560a2,
        type: 2}
      propertyPath: m_AnchorMin.y
      value: 1
      objectReference: {fileID: 0}
    - target: {fileID: 224799267457429756, guid: b81be460bd836754ba2eaca6019560a2,
        type: 2}
      propertyPath: m_AnchorMax.y
      value: 1
      objectReference: {fileID: 0}
    - target: {fileID: 224799267457429756, guid: b81be460bd836754ba2eaca6019560a2,
        type: 2}
      propertyPath: m_AnchoredPosition.x
      value: 247.5
      objectReference: {fileID: 0}
    - target: {fileID: 224799267457429756, guid: b81be460bd836754ba2eaca6019560a2,
        type: 2}
      propertyPath: m_AnchoredPosition.y
      value: -47.5
      objectReference: {fileID: 0}
    - target: {fileID: 224799267457429756, guid: b81be460bd836754ba2eaca6019560a2,
        type: 2}
      propertyPath: m_SizeDelta.x
      value: 95
      objectReference: {fileID: 0}
    - target: {fileID: 224799267457429756, guid: b81be460bd836754ba2eaca6019560a2,
        type: 2}
      propertyPath: m_SizeDelta.y
      value: 95
      objectReference: {fileID: 0}
    - target: {fileID: 114415401793385700, guid: b81be460bd836754ba2eaca6019560a2,
        type: 2}
      propertyPath: m_OnClick.m_PersistentCalls.m_Calls.Array.data[0].m_Mode
      value: 5
      objectReference: {fileID: 0}
    - target: {fileID: 114415401793385700, guid: b81be460bd836754ba2eaca6019560a2,
        type: 2}
      propertyPath: m_OnClick.m_PersistentCalls.m_Calls.Array.data[0].m_CallState
      value: 2
      objectReference: {fileID: 0}
    - target: {fileID: 114415401793385700, guid: b81be460bd836754ba2eaca6019560a2,
        type: 2}
      propertyPath: m_OnClick.m_PersistentCalls.m_Calls.Array.data[0].m_Target
      value: 
      objectReference: {fileID: 1690247275}
    - target: {fileID: 114415401793385700, guid: b81be460bd836754ba2eaca6019560a2,
        type: 2}
      propertyPath: m_OnClick.m_PersistentCalls.m_Calls.Array.data[0].m_MethodName
      value: DoLoadScene
      objectReference: {fileID: 0}
    - target: {fileID: 114415401793385700, guid: b81be460bd836754ba2eaca6019560a2,
        type: 2}
      propertyPath: m_OnClick.m_PersistentCalls.m_Calls.Array.data[0].m_Arguments.m_ObjectArgumentAssemblyTypeName
      value: UnityEngine.Object, UnityEngine
      objectReference: {fileID: 0}
    - target: {fileID: 114471843351695358, guid: b81be460bd836754ba2eaca6019560a2,
        type: 2}
      propertyPath: m_OnClick.m_PersistentCalls.m_Calls.Array.data[0].m_Mode
      value: 1
      objectReference: {fileID: 0}
    - target: {fileID: 114471843351695358, guid: b81be460bd836754ba2eaca6019560a2,
        type: 2}
      propertyPath: m_OnClick.m_PersistentCalls.m_Calls.Array.data[0].m_CallState
      value: 2
      objectReference: {fileID: 0}
    - target: {fileID: 114471843351695358, guid: b81be460bd836754ba2eaca6019560a2,
        type: 2}
      propertyPath: m_OnClick.m_PersistentCalls.m_Calls.Array.data[0].m_Target
      value: 
      objectReference: {fileID: 1690247275}
    - target: {fileID: 114471843351695358, guid: b81be460bd836754ba2eaca6019560a2,
        type: 2}
      propertyPath: m_OnClick.m_PersistentCalls.m_Calls.Array.data[0].m_MethodName
      value: ReloadScene
      objectReference: {fileID: 0}
    - target: {fileID: 114471843351695358, guid: b81be460bd836754ba2eaca6019560a2,
        type: 2}
      propertyPath: m_OnClick.m_PersistentCalls.m_Calls.Array.data[0].m_Arguments.m_ObjectArgumentAssemblyTypeName
      value: UnityEngine.Object, UnityEngine
      objectReference: {fileID: 0}
    - target: {fileID: 114647885964500730, guid: b81be460bd836754ba2eaca6019560a2,
        type: 2}
      propertyPath: m_OnClick.m_PersistentCalls.m_Calls.Array.data[0].m_Mode
      value: 1
      objectReference: {fileID: 0}
    - target: {fileID: 114647885964500730, guid: b81be460bd836754ba2eaca6019560a2,
        type: 2}
      propertyPath: m_OnClick.m_PersistentCalls.m_Calls.Array.data[0].m_CallState
      value: 2
      objectReference: {fileID: 0}
    - target: {fileID: 114647885964500730, guid: b81be460bd836754ba2eaca6019560a2,
        type: 2}
      propertyPath: m_OnClick.m_PersistentCalls.m_Calls.Array.data[0].m_Target
      value: 
      objectReference: {fileID: 1690247275}
    - target: {fileID: 114647885964500730, guid: b81be460bd836754ba2eaca6019560a2,
        type: 2}
      propertyPath: m_OnClick.m_PersistentCalls.m_Calls.Array.data[0].m_MethodName
      value: GoToMainMenu
      objectReference: {fileID: 0}
    - target: {fileID: 114647885964500730, guid: b81be460bd836754ba2eaca6019560a2,
        type: 2}
      propertyPath: m_OnClick.m_PersistentCalls.m_Calls.Array.data[0].m_Arguments.m_ObjectArgumentAssemblyTypeName
      value: UnityEngine.Object, UnityEngine
      objectReference: {fileID: 0}
    - target: {fileID: 114415401793385700, guid: b81be460bd836754ba2eaca6019560a2,
        type: 2}
      propertyPath: m_OnClick.m_PersistentCalls.m_Calls.Array.data[0].m_Arguments.m_StringArgument
      value: Level Selection
      objectReference: {fileID: 0}
    - target: {fileID: 1726917563779374, guid: b81be460bd836754ba2eaca6019560a2, type: 2}
      propertyPath: m_IsActive
      value: 1
      objectReference: {fileID: 0}
    - target: {fileID: 114270070152377740, guid: b81be460bd836754ba2eaca6019560a2,
        type: 2}
      propertyPath: InventoryImage.Array.data[1]
      value: 
      objectReference: {fileID: 229955307}
    m_RemovedComponents: []
  m_ParentPrefab: {fileID: 100100000, guid: b81be460bd836754ba2eaca6019560a2, type: 2}
  m_IsPrefabParent: 0
--- !u!114 &229955307 stripped
MonoBehaviour:
  m_PrefabParentObject: {fileID: 114700453043251036, guid: b81be460bd836754ba2eaca6019560a2,
    type: 2}
  m_PrefabInternal: {fileID: 229955306}
  m_Script: {fileID: -765806418, guid: f70555f144d8491a825f0804e09c671c, type: 3}
--- !u!1001 &266852372
Prefab:
  m_ObjectHideFlags: 0
  serializedVersion: 2
  m_Modification:
    m_TransformParent: {fileID: 2006366220}
    m_Modifications:
    - target: {fileID: 4691703197787610, guid: 8e3d440cff0ebbd4bbc8cc95639e2df8, type: 2}
      propertyPath: m_LocalPosition.x
      value: -0.55
      objectReference: {fileID: 0}
    - target: {fileID: 4691703197787610, guid: 8e3d440cff0ebbd4bbc8cc95639e2df8, type: 2}
      propertyPath: m_LocalPosition.y
      value: -0
      objectReference: {fileID: 0}
    - target: {fileID: 4691703197787610, guid: 8e3d440cff0ebbd4bbc8cc95639e2df8, type: 2}
      propertyPath: m_LocalPosition.z
      value: 0
      objectReference: {fileID: 0}
    - target: {fileID: 4691703197787610, guid: 8e3d440cff0ebbd4bbc8cc95639e2df8, type: 2}
      propertyPath: m_LocalRotation.x
      value: -0
      objectReference: {fileID: 0}
    - target: {fileID: 4691703197787610, guid: 8e3d440cff0ebbd4bbc8cc95639e2df8, type: 2}
      propertyPath: m_LocalRotation.y
      value: -0
      objectReference: {fileID: 0}
    - target: {fileID: 4691703197787610, guid: 8e3d440cff0ebbd4bbc8cc95639e2df8, type: 2}
      propertyPath: m_LocalRotation.z
      value: -0
      objectReference: {fileID: 0}
    - target: {fileID: 4691703197787610, guid: 8e3d440cff0ebbd4bbc8cc95639e2df8, type: 2}
      propertyPath: m_LocalRotation.w
      value: 1
      objectReference: {fileID: 0}
    - target: {fileID: 4691703197787610, guid: 8e3d440cff0ebbd4bbc8cc95639e2df8, type: 2}
      propertyPath: m_RootOrder
      value: 0
      objectReference: {fileID: 0}
    m_RemovedComponents: []
  m_ParentPrefab: {fileID: 100100000, guid: 8e3d440cff0ebbd4bbc8cc95639e2df8, type: 2}
  m_IsPrefabParent: 0
--- !u!4 &339117741 stripped
Transform:
  m_PrefabParentObject: {fileID: 4691548015237972, guid: a2e5247557682d246ad32d1d901c4e67,
    type: 2}
  m_PrefabInternal: {fileID: 1354954079}
--- !u!114 &339117742 stripped
MonoBehaviour:
  m_PrefabParentObject: {fileID: 114936037556145390, guid: a2e5247557682d246ad32d1d901c4e67,
    type: 2}
  m_PrefabInternal: {fileID: 1354954079}
  m_Script: {fileID: 11500000, guid: 8edf1bf9b3244254f876abda4d1e2f04, type: 3}
--- !u!1 &410387653
GameObject:
  m_ObjectHideFlags: 0
  m_PrefabParentObject: {fileID: 0}
  m_PrefabInternal: {fileID: 0}
  serializedVersion: 5
  m_Component:
  - component: {fileID: 410387657}
  - component: {fileID: 410387656}
  - component: {fileID: 410387655}
  - component: {fileID: 410387654}
  m_Layer: 8
  m_Name: Nest (2)
  m_TagString: Untagged
  m_Icon: {fileID: 0}
  m_NavMeshLayer: 0
  m_StaticEditorFlags: 0
  m_IsActive: 1
--- !u!114 &410387654
MonoBehaviour:
  m_ObjectHideFlags: 0
  m_PrefabParentObject: {fileID: 0}
  m_PrefabInternal: {fileID: 0}
  m_GameObject: {fileID: 410387653}
  m_Enabled: 1
  m_EditorHideFlags: 0
  m_Script: {fileID: 11500000, guid: e43a3979eda522341a6817529f635d64, type: 3}
  m_Name: 
  m_EditorClassIdentifier: 
  adjacentPlace:
  - {fileID: 1808603919}
  - {fileID: 1538342079}
  adjacentBranch:
  - {fileID: 16180156}
  isInvinite: 0
  maxOccupy: 2
  passAble: 1
  childern:
  - {fileID: 1195600736}
--- !u!61 &410387655
BoxCollider2D:
  m_ObjectHideFlags: 0
  m_PrefabParentObject: {fileID: 0}
  m_PrefabInternal: {fileID: 0}
  m_GameObject: {fileID: 410387653}
  m_Enabled: 1
  m_Density: 1
  m_Material: {fileID: 0}
  m_IsTrigger: 0
  m_UsedByEffector: 0
  m_UsedByComposite: 0
  m_Offset: {x: 0, y: 0}
  m_SpriteTilingProperty:
    border: {x: 0, y: 0, z: 0, w: 0}
    pivot: {x: 0.5, y: 0.5}
    oldSize: {x: 3.53, y: 1.69}
    newSize: {x: 0.16, y: 0.16}
    adaptiveTilingThreshold: 0.5
    drawMode: 0
    adaptiveTiling: 0
  m_AutoTiling: 0
  serializedVersion: 2
  m_Size: {x: 3, y: 1.7}
  m_EdgeRadius: 0
--- !u!212 &410387656
SpriteRenderer:
  m_ObjectHideFlags: 0
  m_PrefabParentObject: {fileID: 0}
  m_PrefabInternal: {fileID: 0}
  m_GameObject: {fileID: 410387653}
  m_Enabled: 1
  m_CastShadows: 0
  m_ReceiveShadows: 0
  m_DynamicOccludee: 1
  m_MotionVectors: 1
  m_LightProbeUsage: 1
  m_ReflectionProbeUsage: 1
  m_Materials:
  - {fileID: 10754, guid: 0000000000000000f000000000000000, type: 0}
  m_StaticBatchInfo:
    firstSubMesh: 0
    subMeshCount: 0
  m_StaticBatchRoot: {fileID: 0}
  m_ProbeAnchor: {fileID: 0}
  m_LightProbeVolumeOverride: {fileID: 0}
  m_ScaleInLightmap: 1
  m_PreserveUVs: 0
  m_IgnoreNormalsForChartDetection: 0
  m_ImportantGI: 0
  m_StitchLightmapSeams: 0
  m_SelectedEditorRenderState: 0
  m_MinimumChartSize: 4
  m_AutoUVMaxDistance: 0.5
  m_AutoUVMaxAngle: 89
  m_LightmapParameters: {fileID: 0}
  m_SortingLayerID: -72040943
  m_SortingLayer: 3
  m_SortingOrder: 0
  m_Sprite: {fileID: 21300000, guid: 34f66f7c348bd1248aef742f76513467, type: 3}
  m_Color: {r: 1, g: 1, b: 1, a: 1}
  m_FlipX: 0
  m_FlipY: 0
  m_DrawMode: 0
  m_Size: {x: 0.16, y: 0.16}
  m_AdaptiveModeThreshold: 0.5
  m_SpriteTileMode: 0
  m_WasSpriteAssigned: 1
  m_MaskInteraction: 0
--- !u!4 &410387657
Transform:
  m_ObjectHideFlags: 0
  m_PrefabParentObject: {fileID: 0}
  m_PrefabInternal: {fileID: 0}
  m_GameObject: {fileID: 410387653}
  m_LocalRotation: {x: 0, y: 0, z: 0, w: 1}
  m_LocalPosition: {x: -5.6200004, y: -2.77, z: 0}
  m_LocalScale: {x: 1, y: 1, z: 1}
  m_Children:
  - {fileID: 1195600734}
  m_Father: {fileID: 0}
  m_RootOrder: 5
  m_LocalEulerAnglesHint: {x: 0, y: 0, z: 0}
--- !u!1 &431485168
GameObject:
  m_ObjectHideFlags: 0
  m_PrefabParentObject: {fileID: 0}
  m_PrefabInternal: {fileID: 0}
  serializedVersion: 5
  m_Component:
  - component: {fileID: 431485172}
  - component: {fileID: 431485171}
  - component: {fileID: 431485169}
  - component: {fileID: 431485170}
  m_Layer: 8
  m_Name: Nest (1)
  m_TagString: Untagged
  m_Icon: {fileID: 0}
  m_NavMeshLayer: 0
  m_StaticEditorFlags: 0
  m_IsActive: 1
--- !u!61 &431485169
BoxCollider2D:
  m_ObjectHideFlags: 0
  m_PrefabParentObject: {fileID: 0}
  m_PrefabInternal: {fileID: 0}
  m_GameObject: {fileID: 431485168}
  m_Enabled: 1
  m_Density: 1
  m_Material: {fileID: 0}
  m_IsTrigger: 0
  m_UsedByEffector: 0
  m_UsedByComposite: 0
  m_Offset: {x: 0, y: 0}
  m_SpriteTilingProperty:
    border: {x: 0, y: 0, z: 0, w: 0}
    pivot: {x: 0.5, y: 0.5}
    oldSize: {x: 3.53, y: 1.69}
    newSize: {x: 0.16, y: 0.16}
    adaptiveTilingThreshold: 0.5
    drawMode: 0
    adaptiveTiling: 0
  m_AutoTiling: 0
  serializedVersion: 2
  m_Size: {x: 3, y: 1.7}
  m_EdgeRadius: 0
--- !u!114 &431485170
MonoBehaviour:
  m_ObjectHideFlags: 0
  m_PrefabParentObject: {fileID: 0}
  m_PrefabInternal: {fileID: 0}
  m_GameObject: {fileID: 431485168}
  m_Enabled: 1
  m_EditorHideFlags: 0
  m_Script: {fileID: 11500000, guid: e43a3979eda522341a6817529f635d64, type: 3}
  m_Name: 
  m_EditorClassIdentifier: 
  adjacentPlace:
  - {fileID: 1538342079}
  - {fileID: 2006366218}
  - {fileID: 1145179867}
  adjacentBranch:
  - {fileID: 218260431}
  isInvinite: 0
  maxOccupy: 2
  passAble: 1
  childern:
  - {fileID: 1223941726}
--- !u!212 &431485171
SpriteRenderer:
  m_ObjectHideFlags: 0
  m_PrefabParentObject: {fileID: 0}
  m_PrefabInternal: {fileID: 0}
  m_GameObject: {fileID: 431485168}
  m_Enabled: 1
  m_CastShadows: 0
  m_ReceiveShadows: 0
  m_DynamicOccludee: 1
  m_MotionVectors: 1
  m_LightProbeUsage: 1
  m_ReflectionProbeUsage: 1
  m_Materials:
  - {fileID: 10754, guid: 0000000000000000f000000000000000, type: 0}
  m_StaticBatchInfo:
    firstSubMesh: 0
    subMeshCount: 0
  m_StaticBatchRoot: {fileID: 0}
  m_ProbeAnchor: {fileID: 0}
  m_LightProbeVolumeOverride: {fileID: 0}
  m_ScaleInLightmap: 1
  m_PreserveUVs: 0
  m_IgnoreNormalsForChartDetection: 0
  m_ImportantGI: 0
  m_StitchLightmapSeams: 0
  m_SelectedEditorRenderState: 0
  m_MinimumChartSize: 4
  m_AutoUVMaxDistance: 0.5
  m_AutoUVMaxAngle: 89
  m_LightmapParameters: {fileID: 0}
  m_SortingLayerID: -72040943
  m_SortingLayer: 3
  m_SortingOrder: 0
  m_Sprite: {fileID: 21300000, guid: 34f66f7c348bd1248aef742f76513467, type: 3}
  m_Color: {r: 1, g: 1, b: 1, a: 1}
  m_FlipX: 0
  m_FlipY: 0
  m_DrawMode: 0
  m_Size: {x: 0.16, y: 0.16}
  m_AdaptiveModeThreshold: 0.5
  m_SpriteTileMode: 0
  m_WasSpriteAssigned: 1
  m_MaskInteraction: 0
--- !u!4 &431485172
Transform:
  m_ObjectHideFlags: 0
  m_PrefabParentObject: {fileID: 0}
  m_PrefabInternal: {fileID: 0}
  m_GameObject: {fileID: 431485168}
  m_LocalRotation: {x: 0, y: 0, z: 0, w: 1}
  m_LocalPosition: {x: 4.6899996, y: 1.16, z: 0}
  m_LocalScale: {x: 1, y: 1, z: 1}
  m_Children:
  - {fileID: 1223941724}
  m_Father: {fileID: 0}
  m_RootOrder: 4
  m_LocalEulerAnglesHint: {x: 0, y: 0, z: 0}
--- !u!1 &611693697
GameObject:
  m_ObjectHideFlags: 0
  m_PrefabParentObject: {fileID: 0}
  m_PrefabInternal: {fileID: 0}
  serializedVersion: 5
  m_Component:
  - component: {fileID: 611693699}
  - component: {fileID: 611693698}
  - component: {fileID: 611693701}
  - component: {fileID: 611693700}
  m_Layer: 8
  m_Name: branch2
  m_TagString: Untagged
  m_Icon: {fileID: -964228994112308473, guid: 0000000000000000d000000000000000, type: 0}
  m_NavMeshLayer: 0
  m_StaticEditorFlags: 0
  m_IsActive: 1
--- !u!212 &611693698
SpriteRenderer:
  m_ObjectHideFlags: 0
  m_PrefabParentObject: {fileID: 0}
  m_PrefabInternal: {fileID: 0}
  m_GameObject: {fileID: 611693697}
  m_Enabled: 1
  m_CastShadows: 0
  m_ReceiveShadows: 0
  m_DynamicOccludee: 1
  m_MotionVectors: 1
  m_LightProbeUsage: 1
  m_ReflectionProbeUsage: 1
  m_Materials:
  - {fileID: 10754, guid: 0000000000000000f000000000000000, type: 0}
  m_StaticBatchInfo:
    firstSubMesh: 0
    subMeshCount: 0
  m_StaticBatchRoot: {fileID: 0}
  m_ProbeAnchor: {fileID: 0}
  m_LightProbeVolumeOverride: {fileID: 0}
  m_ScaleInLightmap: 1
  m_PreserveUVs: 0
  m_IgnoreNormalsForChartDetection: 0
  m_ImportantGI: 0
  m_StitchLightmapSeams: 0
  m_SelectedEditorRenderState: 0
  m_MinimumChartSize: 4
  m_AutoUVMaxDistance: 0.5
  m_AutoUVMaxAngle: 89
  m_LightmapParameters: {fileID: 0}
  m_SortingLayerID: 1932193627
  m_SortingLayer: 2
  m_SortingOrder: 0
  m_Sprite: {fileID: 21300000, guid: 2ae209d7cd2c35a4888b54b1aaf164bf, type: 3}
  m_Color: {r: 1, g: 1, b: 1, a: 1}
  m_FlipX: 0
  m_FlipY: 0
  m_DrawMode: 0
  m_Size: {x: 2.44, y: 6.64}
  m_AdaptiveModeThreshold: 0.5
  m_SpriteTileMode: 0
  m_WasSpriteAssigned: 1
  m_MaskInteraction: 0
--- !u!4 &611693699
Transform:
  m_ObjectHideFlags: 0
  m_PrefabParentObject: {fileID: 0}
  m_PrefabInternal: {fileID: 0}
  m_GameObject: {fileID: 611693697}
  m_LocalRotation: {x: -0, y: -0, z: 0.16622116, w: 0.9860886}
  m_LocalPosition: {x: 6.0499997, y: -1.8199999, z: 0}
  m_LocalScale: {x: 1, y: 1, z: 1}
  m_Children: []
  m_Father: {fileID: 0}
  m_RootOrder: 15
  m_LocalEulerAnglesHint: {x: 0, y: 0, z: 19.136002}
--- !u!60 &611693700
PolygonCollider2D:
  m_ObjectHideFlags: 0
  m_PrefabParentObject: {fileID: 0}
  m_PrefabInternal: {fileID: 0}
  m_GameObject: {fileID: 611693697}
  m_Enabled: 1
  m_Density: 1
  m_Material: {fileID: 0}
  m_IsTrigger: 0
  m_UsedByEffector: 0
  m_UsedByComposite: 0
  m_Offset: {x: 0, y: 0}
  m_SpriteTilingProperty:
    border: {x: 0, y: 0, z: 0, w: 0}
    pivot: {x: 0.5, y: 0.5}
    oldSize: {x: 2.44, y: 6.64}
    newSize: {x: 2.44, y: 6.64}
    adaptiveTilingThreshold: 0.5
    drawMode: 0
    adaptiveTiling: 0
  m_AutoTiling: 0
  m_Points:
    m_Paths:
    - - {x: 0.61, y: -2.08}
      - {x: 0.58, y: -1.18}
      - {x: 0.59, y: -0.58}
      - {x: 0.61, y: -0.06}
      - {x: 0.65, y: 0.17}
      - {x: 1.11, y: 0.42999998}
      - {x: 1.09, y: 0.57}
      - {x: 1.17, y: 0.65999997}
      - {x: 1.22, y: 0.72999996}
      - {x: 1.22, y: 1.04}
      - {x: 1.16, y: 1.23}
      - {x: 1.1, y: 1.1899999}
      - {x: 0.93, y: 1.03}
      - {x: 0.84999996, y: 0.9}
      - {x: 0.85999995, y: 0.77}
      - {x: 0.9, y: 0.59999996}
      - {x: 0.64, y: 0.56}
      - {x: 0.65999997, y: 1.15}
      - {x: 0.65999997, y: 1.55}
      - {x: 0.69, y: 2.75}
      - {x: 0.69, y: 3.05}
      - {x: 0.66999996, y: 3.08}
      - {x: 0.12, y: 3.25}
      - {x: -0.099999994, y: 3.32}
      - {x: -0.19999999, y: 3.32}
      - {x: -0.21, y: 2.9399998}
      - {x: -0.21, y: 2.22}
      - {x: -0.61, y: 1.86}
      - {x: -0.64, y: 1.9699999}
      - {x: -0.74, y: 2.09}
      - {x: -0.83, y: 2.1499999}
      - {x: -1.03, y: 2.1599998}
      - {x: -1.2099999, y: 2.12}
      - {x: -1.22, y: 2.11}
      - {x: -1.22, y: 2.04}
      - {x: -1.1899999, y: 1.9699999}
      - {x: -0.98999995, y: 1.77}
      - {x: -0.83, y: 1.74}
      - {x: -0.65, y: 1.8199999}
      - {x: -1, y: 1.52}
      - {x: -1.03, y: 1.48}
      - {x: -1.02, y: 1.4499999}
      - {x: -0.88, y: 1.4}
      - {x: -0.77, y: 1.43}
      - {x: -0.90999997, y: 1.26}
      - {x: -0.88, y: 1.0799999}
      - {x: -0.76, y: 0.84}
      - {x: -0.72999996, y: 0.83}
      - {x: -0.64, y: 0.95}
      - {x: -0.55, y: 1.0799999}
      - {x: -0.5, y: 1.17}
      - {x: -0.48999998, y: 1.3}
      - {x: -0.59999996, y: 1.43}
      - {x: -0.58, y: 1.52}
      - {x: -0.38, y: 1.5999999}
      - {x: -0.22, y: 1.51}
      - {x: -0.22, y: 0.22}
      - {x: -0.22999999, y: 0.21}
      - {x: -0.22999999, y: -1.76}
      - {x: -0.64, y: -2.26}
      - {x: -0.65, y: -2.3}
      - {x: -0.61, y: -2.3799999}
      - {x: -0.79999995, y: -2.6}
      - {x: -0.78999996, y: -2.76}
      - {x: -0.76, y: -2.86}
      - {x: -0.7, y: -3.02}
      - {x: -0.63, y: -3.05}
      - {x: -0.57, y: -2.97}
      - {x: -0.45, y: -2.8}
      - {x: -0.39, y: -2.7}
      - {x: -0.42999998, y: -2.52}
      - {x: -0.48999998, y: -2.46}
      - {x: -0.29999998, y: -2.36}
      - {x: -0.22999999, y: -2.31}
      - {x: -0.22999999, y: -3.32}
      - {x: 0.59, y: -3.32}
      - {x: 0.65, y: -3.3}
      - {x: 0.64, y: -2.6799998}
--- !u!50 &611693701
Rigidbody2D:
  serializedVersion: 4
  m_ObjectHideFlags: 0
  m_PrefabParentObject: {fileID: 0}
  m_PrefabInternal: {fileID: 0}
  m_GameObject: {fileID: 611693697}
  m_BodyType: 0
  m_Simulated: 0
  m_UseFullKinematicContacts: 0
  m_UseAutoMass: 1
  m_Mass: 6.8966994
  m_LinearDrag: 0
  m_AngularDrag: 0.05
  m_GravityScale: 1
  m_Material: {fileID: 0}
  m_Interpolate: 0
  m_SleepingMode: 1
  m_CollisionDetection: 0
  m_Constraints: 0
--- !u!1 &869075303
GameObject:
  m_ObjectHideFlags: 0
  m_PrefabParentObject: {fileID: 0}
  m_PrefabInternal: {fileID: 0}
  serializedVersion: 5
  m_Component:
  - component: {fileID: 869075307}
  - component: {fileID: 869075306}
  - component: {fileID: 869075305}
  - component: {fileID: 869075304}
  m_Layer: 0
  m_Name: Main Camera
  m_TagString: MainCamera
  m_Icon: {fileID: 0}
  m_NavMeshLayer: 0
  m_StaticEditorFlags: 0
  m_IsActive: 1
--- !u!81 &869075304
AudioListener:
  m_ObjectHideFlags: 0
  m_PrefabParentObject: {fileID: 0}
  m_PrefabInternal: {fileID: 0}
  m_GameObject: {fileID: 869075303}
  m_Enabled: 1
--- !u!124 &869075305
Behaviour:
  m_ObjectHideFlags: 0
  m_PrefabParentObject: {fileID: 0}
  m_PrefabInternal: {fileID: 0}
  m_GameObject: {fileID: 869075303}
  m_Enabled: 1
--- !u!20 &869075306
Camera:
  m_ObjectHideFlags: 0
  m_PrefabParentObject: {fileID: 0}
  m_PrefabInternal: {fileID: 0}
  m_GameObject: {fileID: 869075303}
  m_Enabled: 1
  serializedVersion: 2
  m_ClearFlags: 1
  m_BackGroundColor: {r: 0.6, g: 0.8980393, b: 0.8117648, a: 0}
  m_NormalizedViewPortRect:
    serializedVersion: 2
    x: 0
    y: 0
    width: 1
    height: 1
  near clip plane: 0.3
  far clip plane: 1000
  field of view: 60
  orthographic: 1
  orthographic size: 7
  m_Depth: -1
  m_CullingMask:
    serializedVersion: 2
    m_Bits: 4294967295
  m_RenderingPath: -1
  m_TargetTexture: {fileID: 0}
  m_TargetDisplay: 0
  m_TargetEye: 3
  m_HDR: 1
  m_AllowMSAA: 1
  m_AllowDynamicResolution: 0
  m_ForceIntoRT: 0
  m_OcclusionCulling: 1
  m_StereoConvergence: 10
  m_StereoSeparation: 0.022
--- !u!4 &869075307
Transform:
  m_ObjectHideFlags: 0
  m_PrefabParentObject: {fileID: 0}
  m_PrefabInternal: {fileID: 0}
  m_GameObject: {fileID: 869075303}
  m_LocalRotation: {x: 0, y: 0, z: 0, w: 1}
  m_LocalPosition: {x: 0, y: 0, z: -10}
  m_LocalScale: {x: 1, y: 1, z: 1}
  m_Children: []
  m_Father: {fileID: 0}
  m_RootOrder: 0
  m_LocalEulerAnglesHint: {x: 0, y: 0, z: 0}
--- !u!1 &1145179866
GameObject:
  m_ObjectHideFlags: 0
  m_PrefabParentObject: {fileID: 0}
  m_PrefabInternal: {fileID: 0}
  serializedVersion: 5
  m_Component:
  - component: {fileID: 1145179869}
  - component: {fileID: 1145179868}
  - component: {fileID: 1145179870}
  - component: {fileID: 1145179867}
  m_Layer: 0
  m_Name: Food Apple
  m_TagString: Untagged
  m_Icon: {fileID: 0}
  m_NavMeshLayer: 0
  m_StaticEditorFlags: 0
  m_IsActive: 1
--- !u!114 &1145179867
MonoBehaviour:
  m_ObjectHideFlags: 0
  m_PrefabParentObject: {fileID: 0}
  m_PrefabInternal: {fileID: 0}
  m_GameObject: {fileID: 1145179866}
  m_Enabled: 1
  m_EditorHideFlags: 0
  m_Script: {fileID: 11500000, guid: 3c621c51fa96d424fbf1b9c322ecc925, type: 3}
  m_Name: 
  m_EditorClassIdentifier: 
  adjacentPlace:
  - {fileID: 1808603919}
  - {fileID: 431485170}
  adjacentBranch: []
  isInvinite: 1
  maxOccupy: 0
  passAble: 1
  foodType: 0
--- !u!212 &1145179868
SpriteRenderer:
  m_ObjectHideFlags: 0
  m_PrefabParentObject: {fileID: 0}
  m_PrefabInternal: {fileID: 0}
  m_GameObject: {fileID: 1145179866}
  m_Enabled: 1
  m_CastShadows: 0
  m_ReceiveShadows: 0
  m_DynamicOccludee: 1
  m_MotionVectors: 1
  m_LightProbeUsage: 1
  m_ReflectionProbeUsage: 1
  m_Materials:
  - {fileID: 10754, guid: 0000000000000000f000000000000000, type: 0}
  m_StaticBatchInfo:
    firstSubMesh: 0
    subMeshCount: 0
  m_StaticBatchRoot: {fileID: 0}
  m_ProbeAnchor: {fileID: 0}
  m_LightProbeVolumeOverride: {fileID: 0}
  m_ScaleInLightmap: 1
  m_PreserveUVs: 0
  m_IgnoreNormalsForChartDetection: 0
  m_ImportantGI: 0
  m_StitchLightmapSeams: 0
  m_SelectedEditorRenderState: 0
  m_MinimumChartSize: 4
  m_AutoUVMaxDistance: 0.5
  m_AutoUVMaxAngle: 89
  m_LightmapParameters: {fileID: 0}
  m_SortingLayerID: -72040943
  m_SortingLayer: 3
  m_SortingOrder: 0
  m_Sprite: {fileID: 21300000, guid: 3bbd73d342ff19f4d878aee822b5dd48, type: 3}
  m_Color: {r: 1, g: 1, b: 1, a: 1}
  m_FlipX: 0
  m_FlipY: 0
  m_DrawMode: 0
  m_Size: {x: 0.16, y: 0.16}
  m_AdaptiveModeThreshold: 0.5
  m_SpriteTileMode: 0
  m_WasSpriteAssigned: 1
  m_MaskInteraction: 0
--- !u!4 &1145179869
Transform:
  m_ObjectHideFlags: 0
  m_PrefabParentObject: {fileID: 0}
  m_PrefabInternal: {fileID: 0}
  m_GameObject: {fileID: 1145179866}
  m_LocalRotation: {x: 0, y: 0, z: 0, w: 1}
  m_LocalPosition: {x: 0.79, y: 4.22, z: -0.012451172}
  m_LocalScale: {x: 1, y: 1, z: 1}
  m_Children: []
  m_Father: {fileID: 0}
  m_RootOrder: 3
  m_LocalEulerAnglesHint: {x: 0, y: 0, z: 0}
--- !u!61 &1145179870
BoxCollider2D:
  m_ObjectHideFlags: 0
  m_PrefabParentObject: {fileID: 0}
  m_PrefabInternal: {fileID: 0}
  m_GameObject: {fileID: 1145179866}
  m_Enabled: 1
  m_Density: 1
  m_Material: {fileID: 0}
  m_IsTrigger: 0
  m_UsedByEffector: 0
  m_UsedByComposite: 0
  m_Offset: {x: 0, y: 0}
  m_SpriteTilingProperty:
    border: {x: 0, y: 0, z: 0, w: 0}
    pivot: {x: 0.5, y: 0.5}
    oldSize: {x: 1.43, y: 1.68}
    newSize: {x: 0.16, y: 0.16}
    adaptiveTilingThreshold: 0.5
    drawMode: 0
    adaptiveTiling: 0
  m_AutoTiling: 0
  serializedVersion: 2
  m_Size: {x: 1.5, y: 1.8}
  m_EdgeRadius: 0
--- !u!4 &1195600734 stripped
Transform:
  m_PrefabParentObject: {fileID: 4691703197787610, guid: 8e3d440cff0ebbd4bbc8cc95639e2df8,
    type: 2}
  m_PrefabInternal: {fileID: 1221110970}
--- !u!114 &1195600736 stripped
MonoBehaviour:
  m_PrefabParentObject: {fileID: 114055035015298888, guid: 8e3d440cff0ebbd4bbc8cc95639e2df8,
    type: 2}
  m_PrefabInternal: {fileID: 1221110970}
  m_Script: {fileID: 11500000, guid: 8edf1bf9b3244254f876abda4d1e2f04, type: 3}
--- !u!1001 &1221110970
Prefab:
  m_ObjectHideFlags: 0
  serializedVersion: 2
  m_Modification:
    m_TransformParent: {fileID: 410387657}
    m_Modifications:
    - target: {fileID: 4691703197787610, guid: 8e3d440cff0ebbd4bbc8cc95639e2df8, type: 2}
      propertyPath: m_LocalPosition.x
      value: 0.14
      objectReference: {fileID: 0}
    - target: {fileID: 4691703197787610, guid: 8e3d440cff0ebbd4bbc8cc95639e2df8, type: 2}
      propertyPath: m_LocalPosition.y
      value: 0.17
      objectReference: {fileID: 0}
    - target: {fileID: 4691703197787610, guid: 8e3d440cff0ebbd4bbc8cc95639e2df8, type: 2}
      propertyPath: m_LocalPosition.z
      value: 0
      objectReference: {fileID: 0}
    - target: {fileID: 4691703197787610, guid: 8e3d440cff0ebbd4bbc8cc95639e2df8, type: 2}
      propertyPath: m_LocalRotation.x
      value: -0
      objectReference: {fileID: 0}
    - target: {fileID: 4691703197787610, guid: 8e3d440cff0ebbd4bbc8cc95639e2df8, type: 2}
      propertyPath: m_LocalRotation.y
      value: -0
      objectReference: {fileID: 0}
    - target: {fileID: 4691703197787610, guid: 8e3d440cff0ebbd4bbc8cc95639e2df8, type: 2}
      propertyPath: m_LocalRotation.z
      value: -0
      objectReference: {fileID: 0}
    - target: {fileID: 4691703197787610, guid: 8e3d440cff0ebbd4bbc8cc95639e2df8, type: 2}
      propertyPath: m_LocalRotation.w
      value: 1
      objectReference: {fileID: 0}
    - target: {fileID: 4691703197787610, guid: 8e3d440cff0ebbd4bbc8cc95639e2df8, type: 2}
      propertyPath: m_RootOrder
      value: 0
      objectReference: {fileID: 0}
    m_RemovedComponents: []
  m_ParentPrefab: {fileID: 100100000, guid: 8e3d440cff0ebbd4bbc8cc95639e2df8, type: 2}
  m_IsPrefabParent: 0
--- !u!4 &1223941724 stripped
Transform:
  m_PrefabParentObject: {fileID: 4691548015237972, guid: a2e5247557682d246ad32d1d901c4e67,
    type: 2}
  m_PrefabInternal: {fileID: 1747772012}
--- !u!114 &1223941726 stripped
MonoBehaviour:
  m_PrefabParentObject: {fileID: 114936037556145390, guid: a2e5247557682d246ad32d1d901c4e67,
    type: 2}
  m_PrefabInternal: {fileID: 1747772012}
  m_Script: {fileID: 11500000, guid: 8edf1bf9b3244254f876abda4d1e2f04, type: 3}
--- !u!4 &1248043992 stripped
Transform:
  m_PrefabParentObject: {fileID: 4691703197787610, guid: 8e3d440cff0ebbd4bbc8cc95639e2df8,
    type: 2}
  m_PrefabInternal: {fileID: 266852372}
--- !u!114 &1248043994 stripped
MonoBehaviour:
  m_PrefabParentObject: {fileID: 114055035015298888, guid: 8e3d440cff0ebbd4bbc8cc95639e2df8,
    type: 2}
  m_PrefabInternal: {fileID: 266852372}
  m_Script: {fileID: 11500000, guid: 8edf1bf9b3244254f876abda4d1e2f04, type: 3}
--- !u!4 &1278342835 stripped
Transform:
  m_PrefabParentObject: {fileID: 4691703197787610, guid: 8e3d440cff0ebbd4bbc8cc95639e2df8,
    type: 2}
  m_PrefabInternal: {fileID: 1398698844}
--- !u!114 &1278342836 stripped
MonoBehaviour:
  m_PrefabParentObject: {fileID: 114055035015298888, guid: 8e3d440cff0ebbd4bbc8cc95639e2df8,
    type: 2}
  m_PrefabInternal: {fileID: 1398698844}
  m_Script: {fileID: 11500000, guid: 8edf1bf9b3244254f876abda4d1e2f04, type: 3}
--- !u!1001 &1354954079
Prefab:
  m_ObjectHideFlags: 0
  serializedVersion: 2
  m_Modification:
    m_TransformParent: {fileID: 1808603921}
    m_Modifications:
    - target: {fileID: 4691548015237972, guid: a2e5247557682d246ad32d1d901c4e67, type: 2}
      propertyPath: m_LocalPosition.x
      value: -0.49
      objectReference: {fileID: 0}
    - target: {fileID: 4691548015237972, guid: a2e5247557682d246ad32d1d901c4e67, type: 2}
      propertyPath: m_LocalPosition.y
      value: 0.09
      objectReference: {fileID: 0}
    - target: {fileID: 4691548015237972, guid: a2e5247557682d246ad32d1d901c4e67, type: 2}
      propertyPath: m_LocalPosition.z
      value: 0
      objectReference: {fileID: 0}
    - target: {fileID: 4691548015237972, guid: a2e5247557682d246ad32d1d901c4e67, type: 2}
      propertyPath: m_LocalRotation.x
      value: -0
      objectReference: {fileID: 0}
    - target: {fileID: 4691548015237972, guid: a2e5247557682d246ad32d1d901c4e67, type: 2}
      propertyPath: m_LocalRotation.y
      value: -0
      objectReference: {fileID: 0}
    - target: {fileID: 4691548015237972, guid: a2e5247557682d246ad32d1d901c4e67, type: 2}
      propertyPath: m_LocalRotation.z
      value: -0
      objectReference: {fileID: 0}
    - target: {fileID: 4691548015237972, guid: a2e5247557682d246ad32d1d901c4e67, type: 2}
      propertyPath: m_LocalRotation.w
      value: 1
      objectReference: {fileID: 0}
    - target: {fileID: 4691548015237972, guid: a2e5247557682d246ad32d1d901c4e67, type: 2}
      propertyPath: m_RootOrder
      value: 0
      objectReference: {fileID: 0}
    m_RemovedComponents: []
  m_ParentPrefab: {fileID: 100100000, guid: a2e5247557682d246ad32d1d901c4e67, type: 2}
  m_IsPrefabParent: 0
--- !u!1001 &1398698844
Prefab:
  m_ObjectHideFlags: 0
  serializedVersion: 2
  m_Modification:
    m_TransformParent: {fileID: 1808603921}
    m_Modifications:
    - target: {fileID: 4691703197787610, guid: 8e3d440cff0ebbd4bbc8cc95639e2df8, type: 2}
      propertyPath: m_LocalPosition.x
      value: 0.54
      objectReference: {fileID: 0}
    - target: {fileID: 4691703197787610, guid: 8e3d440cff0ebbd4bbc8cc95639e2df8, type: 2}
      propertyPath: m_LocalPosition.y
      value: 0.02
      objectReference: {fileID: 0}
    - target: {fileID: 4691703197787610, guid: 8e3d440cff0ebbd4bbc8cc95639e2df8, type: 2}
      propertyPath: m_LocalPosition.z
      value: 0
      objectReference: {fileID: 0}
    - target: {fileID: 4691703197787610, guid: 8e3d440cff0ebbd4bbc8cc95639e2df8, type: 2}
      propertyPath: m_LocalRotation.x
      value: -0
      objectReference: {fileID: 0}
    - target: {fileID: 4691703197787610, guid: 8e3d440cff0ebbd4bbc8cc95639e2df8, type: 2}
      propertyPath: m_LocalRotation.y
      value: -0
      objectReference: {fileID: 0}
    - target: {fileID: 4691703197787610, guid: 8e3d440cff0ebbd4bbc8cc95639e2df8, type: 2}
      propertyPath: m_LocalRotation.z
      value: -0
      objectReference: {fileID: 0}
    - target: {fileID: 4691703197787610, guid: 8e3d440cff0ebbd4bbc8cc95639e2df8, type: 2}
      propertyPath: m_LocalRotation.w
      value: 1
      objectReference: {fileID: 0}
    - target: {fileID: 4691703197787610, guid: 8e3d440cff0ebbd4bbc8cc95639e2df8, type: 2}
      propertyPath: m_RootOrder
      value: 1
      objectReference: {fileID: 0}
    m_RemovedComponents: []
  m_ParentPrefab: {fileID: 100100000, guid: 8e3d440cff0ebbd4bbc8cc95639e2df8, type: 2}
  m_IsPrefabParent: 0
--- !u!1 &1421999494
GameObject:
  m_ObjectHideFlags: 0
  m_PrefabParentObject: {fileID: 0}
  m_PrefabInternal: {fileID: 0}
  serializedVersion: 5
  m_Component:
  - component: {fileID: 1421999496}
  - component: {fileID: 1421999495}
  - component: {fileID: 1421999498}
  - component: {fileID: 1421999497}
  m_Layer: 8
  m_Name: branch1
  m_TagString: Untagged
  m_Icon: {fileID: -964228994112308473, guid: 0000000000000000d000000000000000, type: 0}
  m_NavMeshLayer: 0
  m_StaticEditorFlags: 0
  m_IsActive: 1
--- !u!212 &1421999495
SpriteRenderer:
  m_ObjectHideFlags: 0
  m_PrefabParentObject: {fileID: 0}
  m_PrefabInternal: {fileID: 0}
  m_GameObject: {fileID: 1421999494}
  m_Enabled: 1
  m_CastShadows: 0
  m_ReceiveShadows: 0
  m_DynamicOccludee: 1
  m_MotionVectors: 1
  m_LightProbeUsage: 1
  m_ReflectionProbeUsage: 1
  m_Materials:
  - {fileID: 10754, guid: 0000000000000000f000000000000000, type: 0}
  m_StaticBatchInfo:
    firstSubMesh: 0
    subMeshCount: 0
  m_StaticBatchRoot: {fileID: 0}
  m_ProbeAnchor: {fileID: 0}
  m_LightProbeVolumeOverride: {fileID: 0}
  m_ScaleInLightmap: 1
  m_PreserveUVs: 0
  m_IgnoreNormalsForChartDetection: 0
  m_ImportantGI: 0
  m_StitchLightmapSeams: 0
  m_SelectedEditorRenderState: 0
  m_MinimumChartSize: 4
  m_AutoUVMaxDistance: 0.5
  m_AutoUVMaxAngle: 89
  m_LightmapParameters: {fileID: 0}
  m_SortingLayerID: 1932193627
  m_SortingLayer: 2
  m_SortingOrder: 0
  m_Sprite: {fileID: 21300000, guid: 3c89f988420a5bb48b419a85fda0f9e7, type: 3}
  m_Color: {r: 1, g: 1, b: 1, a: 1}
  m_FlipX: 0
  m_FlipY: 0
  m_DrawMode: 0
  m_Size: {x: 2.96, y: 10.79}
  m_AdaptiveModeThreshold: 0.5
  m_SpriteTileMode: 0
  m_WasSpriteAssigned: 1
  m_MaskInteraction: 0
--- !u!4 &1421999496
Transform:
  m_ObjectHideFlags: 0
  m_PrefabParentObject: {fileID: 0}
  m_PrefabInternal: {fileID: 0}
  m_GameObject: {fileID: 1421999494}
  m_LocalRotation: {x: -0, y: -0, z: -0.57822585, w: 0.81587684}
  m_LocalPosition: {x: -0.10000014, y: -1.29, z: 0}
  m_LocalScale: {x: 1, y: 1, z: 1}
  m_Children: []
  m_Father: {fileID: 0}
  m_RootOrder: 14
  m_LocalEulerAnglesHint: {x: 0, y: 0, z: -70.652}
--- !u!60 &1421999497
PolygonCollider2D:
  m_ObjectHideFlags: 0
  m_PrefabParentObject: {fileID: 0}
  m_PrefabInternal: {fileID: 0}
  m_GameObject: {fileID: 1421999494}
  m_Enabled: 1
  m_Density: 1
  m_Material: {fileID: 0}
  m_IsTrigger: 0
  m_UsedByEffector: 0
  m_UsedByComposite: 0
  m_Offset: {x: 0, y: 0}
  m_SpriteTilingProperty:
    border: {x: 0, y: 0, z: 0, w: 0}
    pivot: {x: 0.5, y: 0.5}
    oldSize: {x: 2.96, y: 10.79}
    newSize: {x: 2.96, y: 10.79}
    adaptiveTilingThreshold: 0.5
    drawMode: 0
    adaptiveTiling: 0
  m_AutoTiling: 0
  m_Points:
    m_Paths:
    - - {x: 0.35999998, y: -4.115}
      - {x: 0.96999997, y: -3.2849998}
      - {x: 1.04, y: -3.215}
      - {x: 1.01, y: -3.135}
      - {x: 1.18, y: -2.965}
      - {x: 1.23, y: -2.855}
      - {x: 1.23, y: -2.715}
      - {x: 1.1999999, y: -2.605}
      - {x: 1.09, y: -2.395}
      - {x: 1.03, y: -2.435}
      - {x: 0.84, y: -2.735}
      - {x: 0.81, y: -2.7949998}
      - {x: 0.84999996, y: -2.945}
      - {x: 0.9, y: -3.0349998}
      - {x: 0.65999997, y: -3.2649999}
      - {x: 0.07, y: -3.8249998}
      - {x: 0.06, y: -3.8149998}
      - {x: 0.06, y: -1.8449999}
      - {x: 0.07, y: -1.8349999}
      - {x: 0.07, y: -0.195}
      - {x: 0.12, y: -0.13499999}
      - {x: 0.26999998, y: 0.035}
      - {x: 0.39, y: 0.205}
      - {x: 0.44, y: 0.21499999}
      - {x: 0.55, y: 0.074999996}
      - {x: 0.62, y: 0.044999998}
      - {x: 0.74, y: 0.035}
      - {x: 1.01, y: 0.13499999}
      - {x: 1.06, y: 0.185}
      - {x: 1.0699999, y: 0.205}
      - {x: 0.93, y: 0.33499998}
      - {x: 0.87, y: 0.36499998}
      - {x: 0.74, y: 0.42499998}
      - {x: 0.59999996, y: 0.415}
      - {x: 0.56, y: 0.435}
      - {x: 0.65, y: 0.555}
      - {x: 0.65, y: 0.585}
      - {x: 0.58, y: 0.655}
      - {x: 0.48999998, y: 0.615}
      - {x: 0.42999998, y: 0.515}
      - {x: 0.16, y: 0.21499999}
      - {x: 0.07, y: 0.105}
      - {x: 0.07, y: 1.385}
      - {x: 0.08, y: 1.395}
      - {x: 0.099999994, y: 2.235}
      - {x: 0.11, y: 3.0649998}
      - {x: 0.12, y: 3.075}
      - {x: 0.13, y: 3.485}
      - {x: 0.14, y: 3.905}
      - {x: 0.16, y: 4.1949997}
      - {x: 0.25, y: 4.1749997}
      - {x: 0.84, y: 4.045}
      - {x: 0.95, y: 4.025}
      - {x: 0.96, y: 3.895}
      - {x: 1.04, y: 3.7949998}
      - {x: 1.09, y: 3.7849998}
      - {x: 1.16, y: 3.7549999}
      - {x: 1.48, y: 3.7549999}
      - {x: 1.48, y: 3.865}
      - {x: 1.4599999, y: 3.935}
      - {x: 1.3299999, y: 4.095}
      - {x: 1.1999999, y: 4.165}
      - {x: 0.96, y: 4.1349998}
      - {x: 0.94, y: 4.1949997}
      - {x: 0.71999997, y: 4.265}
      - {x: 0.75, y: 4.285}
      - {x: 0.85999995, y: 4.4449997}
      - {x: 0.85999995, y: 4.595}
      - {x: 0.81, y: 4.705}
      - {x: 0.69, y: 4.9049997}
      - {x: 0.62, y: 4.935}
      - {x: 0.57, y: 4.875}
      - {x: 0.47, y: 4.645}
      - {x: 0.5, y: 4.375}
      - {x: 0.14999999, y: 4.505}
      - {x: 0.16, y: 4.745}
      - {x: 0.16, y: 5.145}
      - {x: 0.099999994, y: 5.185}
      - {x: -0.57, y: 5.395}
      - {x: -0.65999997, y: 5.395}
      - {x: -0.65999997, y: 5.2149997}
      - {x: -0.65, y: 5.205}
      - {x: -0.65, y: 4.025}
      - {x: -0.64, y: 4.015}
      - {x: -0.65999997, y: 3.185}
      - {x: -0.74, y: 3.2849998}
      - {x: -0.83, y: 3.405}
      - {x: -0.87, y: 3.405}
      - {x: -1, y: 3.385}
      - {x: -1.09, y: 3.475}
      - {x: -1.48, y: 3.495}
      - {x: -1.48, y: 3.365}
      - {x: -1.39, y: 3.205}
      - {x: -1.22, y: 3.075}
      - {x: -1.09, y: 3.085}
      - {x: -1.03, y: 3.095}
      - {x: -0.96, y: 3.115}
      - {x: -0.9, y: 3.145}
      - {x: -0.81, y: 2.945}
      - {x: -0.69, y: 2.695}
      - {x: -0.63, y: 2.575}
      - {x: -0.63, y: 1.7149999}
      - {x: -0.64, y: 1.7049999}
      - {x: -0.65, y: 1.405}
      - {x: -0.65999997, y: 1.095}
      - {x: -0.68, y: 0.48499998}
      - {x: -0.69, y: 0.175}
      - {x: -0.71999997, y: -0.745}
      - {x: -0.74, y: -1.355}
      - {x: -0.75, y: -1.5949999}
      - {x: -0.97999996, y: -1.535}
      - {x: -1, y: -1.475}
      - {x: -0.95, y: -1.415}
      - {x: -0.95, y: -1.265}
      - {x: -1, y: -1.155}
      - {x: -1.1999999, y: -0.885}
      - {x: -1.24, y: -0.885}
      - {x: -1.4, y: -1.1949999}
      - {x: -1.39, y: -1.415}
      - {x: -1.3299999, y: -1.485}
      - {x: -1.15, y: -1.655}
      - {x: -1.03, y: -1.7249999}
      - {x: -0.78999996, y: -1.935}
      - {x: -0.76, y: -1.9549999}
      - {x: -0.78, y: -2.585}
      - {x: -0.79999995, y: -2.895}
      - {x: -0.78999996, y: -3.2849998}
      - {x: -0.76, y: -3.695}
      - {x: -0.75, y: -3.915}
      - {x: -0.71, y: -4.755}
      - {x: -0.69, y: -5.295}
      - {x: -0.62, y: -5.325}
      - {x: -0.25, y: -5.355}
      - {x: 0.07, y: -5.395}
      - {x: 0.34, y: -5.395}
      - {x: 0.32999998, y: -5.2349997}
      - {x: 0.29, y: -5.125}
      - {x: 0.16, y: -4.365}
    - - {x: 1.11, y: -3.5149999}
      - {x: 0.90999997, y: -3.5149999}
      - {x: 0.71999997, y: -3.655}
      - {x: 0.71999997, y: -3.735}
      - {x: 0.79999995, y: -3.8249998}
      - {x: 0.96, y: -3.925}
      - {x: 1.17, y: -3.925}
      - {x: 1.24, y: -3.915}
      - {x: 1.4499999, y: -3.7549999}
      - {x: 1.4499999, y: -3.685}
    - - {x: 0.32999998, y: 1.165}
      - {x: 0.24, y: 1.165}
      - {x: 0.13, y: 0.895}
      - {x: 0.13, y: 0.72499996}
      - {x: 0.28, y: 0.545}
      - {x: 0.32999998, y: 0.505}
      - {x: 0.38, y: 0.505}
      - {x: 0.51, y: 0.66499996}
      - {x: 0.51, y: 0.865}
      - {x: 0.35, y: 1.155}
    - - {x: -0.94, y: 3.235}
      - {x: -0.96, y: 3.2649999}
      - {x: -0.94, y: 3.195}
      - {x: -0.93, y: 3.195}
--- !u!50 &1421999498
Rigidbody2D:
  serializedVersion: 4
  m_ObjectHideFlags: 0
  m_PrefabParentObject: {fileID: 0}
  m_PrefabInternal: {fileID: 0}
  m_GameObject: {fileID: 1421999494}
  m_BodyType: 0
  m_Simulated: 0
  m_UseFullKinematicContacts: 0
  m_UseAutoMass: 1
  m_Mass: 11.070698
  m_LinearDrag: 0
  m_AngularDrag: 0.05
  m_GravityScale: 1
  m_Material: {fileID: 0}
  m_Interpolate: 0
  m_SleepingMode: 1
  m_CollisionDetection: 0
  m_Constraints: 0
--- !u!1 &1538342078
GameObject:
  m_ObjectHideFlags: 0
  m_PrefabParentObject: {fileID: 0}
  m_PrefabInternal: {fileID: 0}
  serializedVersion: 5
  m_Component:
  - component: {fileID: 1538342082}
  - component: {fileID: 1538342081}
  - component: {fileID: 1538342080}
  - component: {fileID: 1538342079}
  m_Layer: 0
  m_Name: Ground (1)
  m_TagString: Untagged
  m_Icon: {fileID: 0}
  m_NavMeshLayer: 0
  m_StaticEditorFlags: 0
  m_IsActive: 1
--- !u!114 &1538342079
MonoBehaviour:
  m_ObjectHideFlags: 0
  m_PrefabParentObject: {fileID: 0}
  m_PrefabInternal: {fileID: 0}
  m_GameObject: {fileID: 1538342078}
  m_Enabled: 1
  m_EditorHideFlags: 0
  m_Script: {fileID: 11500000, guid: 3c621c51fa96d424fbf1b9c322ecc925, type: 3}
  m_Name: 
  m_EditorClassIdentifier: 
  adjacentPlace:
  - {fileID: 410387654}
  - {fileID: 431485170}
  adjacentBranch:
  - {fileID: 0}
  - {fileID: 0}
  isInvinite: 1
  maxOccupy: 0
  passAble: 1
  foodType: 1
--- !u!61 &1538342080
BoxCollider2D:
  m_ObjectHideFlags: 0
  m_PrefabParentObject: {fileID: 0}
  m_PrefabInternal: {fileID: 0}
  m_GameObject: {fileID: 1538342078}
  m_Enabled: 1
  m_Density: 1
  m_Material: {fileID: 0}
  m_IsTrigger: 0
  m_UsedByEffector: 0
  m_UsedByComposite: 0
  m_Offset: {x: -0.12203097, y: -0.06973219}
  m_SpriteTilingProperty:
    border: {x: 0, y: 0, z: 0, w: 0}
    pivot: {x: 0.5, y: 0.5}
    oldSize: {x: 1.43, y: 1.68}
    newSize: {x: 0.16, y: 0.16}
    adaptiveTilingThreshold: 0.5
    drawMode: 0
    adaptiveTiling: 0
  m_AutoTiling: 0
  serializedVersion: 2
  m_Size: {x: 1.444062, y: 1.6394644}
  m_EdgeRadius: 0
--- !u!212 &1538342081
SpriteRenderer:
  m_ObjectHideFlags: 0
  m_PrefabParentObject: {fileID: 0}
  m_PrefabInternal: {fileID: 0}
  m_GameObject: {fileID: 1538342078}
  m_Enabled: 1
  m_CastShadows: 0
  m_ReceiveShadows: 0
  m_DynamicOccludee: 1
  m_MotionVectors: 1
  m_LightProbeUsage: 1
  m_ReflectionProbeUsage: 1
  m_Materials:
  - {fileID: 10754, guid: 0000000000000000f000000000000000, type: 0}
  m_StaticBatchInfo:
    firstSubMesh: 0
    subMeshCount: 0
  m_StaticBatchRoot: {fileID: 0}
  m_ProbeAnchor: {fileID: 0}
  m_LightProbeVolumeOverride: {fileID: 0}
  m_ScaleInLightmap: 1
  m_PreserveUVs: 0
  m_IgnoreNormalsForChartDetection: 0
  m_ImportantGI: 0
  m_StitchLightmapSeams: 0
  m_SelectedEditorRenderState: 0
  m_MinimumChartSize: 4
  m_AutoUVMaxDistance: 0.5
  m_AutoUVMaxAngle: 89
  m_LightmapParameters: {fileID: 0}
  m_SortingLayerID: 1932193627
  m_SortingLayer: 2
  m_SortingOrder: 0
  m_Sprite: {fileID: 21300000, guid: 89b00412935003b47b47ae8ee001d36b, type: 3}
  m_Color: {r: 1, g: 1, b: 1, a: 1}
  m_FlipX: 0
  m_FlipY: 0
  m_DrawMode: 0
  m_Size: {x: 0.16, y: 0.16}
  m_AdaptiveModeThreshold: 0.5
  m_SpriteTileMode: 0
  m_WasSpriteAssigned: 1
  m_MaskInteraction: 0
--- !u!4 &1538342082
Transform:
  m_ObjectHideFlags: 0
  m_PrefabParentObject: {fileID: 0}
  m_PrefabInternal: {fileID: 0}
  m_GameObject: {fileID: 1538342078}
  m_LocalRotation: {x: 0, y: 0, z: 0, w: 1}
  m_LocalPosition: {x: 0.099999785, y: -0.48, z: -0.012451172}
  m_LocalScale: {x: 1, y: 1, z: 1}
  m_Children: []
  m_Father: {fileID: 0}
  m_RootOrder: 6
  m_LocalEulerAnglesHint: {x: 0, y: 0, z: 0}
--- !u!114 &1690247275 stripped
MonoBehaviour:
  m_PrefabParentObject: {fileID: 114359117846930520, guid: b81be460bd836754ba2eaca6019560a2,
    type: 2}
  m_PrefabInternal: {fileID: 229955306}
  m_Script: {fileID: 11500000, guid: 2c3102513349869449ee48eae369f6e5, type: 3}
--- !u!1 &1738475048
GameObject:
  m_ObjectHideFlags: 0
  m_PrefabParentObject: {fileID: 0}
  m_PrefabInternal: {fileID: 0}
  serializedVersion: 5
  m_Component:
  - component: {fileID: 1738475050}
  - component: {fileID: 1738475049}
  - component: {fileID: 1738475052}
  - component: {fileID: 1738475051}
  m_Layer: 8
  m_Name: Branch
  m_TagString: Untagged
  m_Icon: {fileID: -964228994112308473, guid: 0000000000000000d000000000000000, type: 0}
  m_NavMeshLayer: 0
  m_StaticEditorFlags: 0
  m_IsActive: 1
--- !u!212 &1738475049
SpriteRenderer:
  m_ObjectHideFlags: 0
  m_PrefabParentObject: {fileID: 0}
  m_PrefabInternal: {fileID: 0}
  m_GameObject: {fileID: 1738475048}
  m_Enabled: 1
  m_CastShadows: 0
  m_ReceiveShadows: 0
  m_DynamicOccludee: 1
  m_MotionVectors: 1
  m_LightProbeUsage: 1
  m_ReflectionProbeUsage: 1
  m_Materials:
  - {fileID: 10754, guid: 0000000000000000f000000000000000, type: 0}
  m_StaticBatchInfo:
    firstSubMesh: 0
    subMeshCount: 0
  m_StaticBatchRoot: {fileID: 0}
  m_ProbeAnchor: {fileID: 0}
  m_LightProbeVolumeOverride: {fileID: 0}
  m_ScaleInLightmap: 1
  m_PreserveUVs: 0
  m_IgnoreNormalsForChartDetection: 0
  m_ImportantGI: 0
  m_StitchLightmapSeams: 0
  m_SelectedEditorRenderState: 0
  m_MinimumChartSize: 4
  m_AutoUVMaxDistance: 0.5
  m_AutoUVMaxAngle: 89
  m_LightmapParameters: {fileID: 0}
  m_SortingLayerID: 1932193627
  m_SortingLayer: 2
  m_SortingOrder: 0
  m_Sprite: {fileID: 21300000, guid: 2ae209d7cd2c35a4888b54b1aaf164bf, type: 3}
  m_Color: {r: 1, g: 1, b: 1, a: 1}
  m_FlipX: 0
  m_FlipY: 0
  m_DrawMode: 0
  m_Size: {x: 0.16, y: 0.16}
  m_AdaptiveModeThreshold: 0.5
  m_SpriteTileMode: 0
  m_WasSpriteAssigned: 1
  m_MaskInteraction: 0
--- !u!4 &1738475050
Transform:
  m_ObjectHideFlags: 0
  m_PrefabParentObject: {fileID: 0}
  m_PrefabInternal: {fileID: 0}
  m_GameObject: {fileID: 1738475048}
  m_LocalRotation: {x: -0, y: -0, z: -0.61314166, w: 0.78997296}
  m_LocalPosition: {x: -2.1800003, y: 3.04, z: -0.009765625}
  m_LocalScale: {x: 1, y: 1, z: 1}
  m_Children: []
  m_Father: {fileID: 0}
  m_RootOrder: 11
  m_LocalEulerAnglesHint: {x: 0, y: 0, z: -75.634}
--- !u!60 &1738475051
PolygonCollider2D:
  m_ObjectHideFlags: 0
  m_PrefabParentObject: {fileID: 0}
  m_PrefabInternal: {fileID: 0}
  m_GameObject: {fileID: 1738475048}
  m_Enabled: 1
  m_Density: 1
  m_Material: {fileID: 0}
  m_IsTrigger: 0
  m_UsedByEffector: 0
  m_UsedByComposite: 0
  m_Offset: {x: 0, y: 0}
  m_SpriteTilingProperty:
    border: {x: 0, y: 0, z: 0, w: 0}
    pivot: {x: 0.5, y: 0.5}
    oldSize: {x: 2.44, y: 6.64}
    newSize: {x: 0.16, y: 0.16}
    adaptiveTilingThreshold: 0.5
    drawMode: 0
    adaptiveTiling: 0
  m_AutoTiling: 0
  m_Points:
    m_Paths:
    - - {x: 0.61, y: -2.08}
      - {x: 0.58, y: -1.18}
      - {x: 0.59, y: -0.58}
      - {x: 0.61, y: -0.06}
      - {x: 0.65, y: 0.17}
      - {x: 1.11, y: 0.42999998}
      - {x: 1.09, y: 0.57}
      - {x: 1.17, y: 0.65999997}
      - {x: 1.22, y: 0.72999996}
      - {x: 1.22, y: 1.04}
      - {x: 1.16, y: 1.23}
      - {x: 1.1, y: 1.1899999}
      - {x: 0.93, y: 1.03}
      - {x: 0.84999996, y: 0.9}
      - {x: 0.85999995, y: 0.77}
      - {x: 0.9, y: 0.59999996}
      - {x: 0.64, y: 0.56}
      - {x: 0.65999997, y: 1.15}
      - {x: 0.65999997, y: 1.55}
      - {x: 0.69, y: 2.75}
      - {x: 0.69, y: 3.05}
      - {x: 0.66999996, y: 3.08}
      - {x: 0.12, y: 3.25}
      - {x: -0.099999994, y: 3.32}
      - {x: -0.19999999, y: 3.32}
      - {x: -0.21, y: 2.9399998}
      - {x: -0.21, y: 2.22}
      - {x: -0.61, y: 1.86}
      - {x: -0.64, y: 1.9699999}
      - {x: -0.74, y: 2.09}
      - {x: -0.83, y: 2.1499999}
      - {x: -1.03, y: 2.1599998}
      - {x: -1.2099999, y: 2.12}
      - {x: -1.22, y: 2.11}
      - {x: -1.22, y: 2.04}
      - {x: -1.1899999, y: 1.9699999}
      - {x: -0.98999995, y: 1.77}
      - {x: -0.83, y: 1.74}
      - {x: -0.65, y: 1.8199999}
      - {x: -1, y: 1.52}
      - {x: -1.03, y: 1.48}
      - {x: -1.02, y: 1.4499999}
      - {x: -0.88, y: 1.4}
      - {x: -0.77, y: 1.43}
      - {x: -0.90999997, y: 1.26}
      - {x: -0.88, y: 1.0799999}
      - {x: -0.76, y: 0.84}
      - {x: -0.72999996, y: 0.83}
      - {x: -0.64, y: 0.95}
      - {x: -0.55, y: 1.0799999}
      - {x: -0.5, y: 1.17}
      - {x: -0.48999998, y: 1.3}
      - {x: -0.59999996, y: 1.43}
      - {x: -0.58, y: 1.52}
      - {x: -0.38, y: 1.5999999}
      - {x: -0.22, y: 1.51}
      - {x: -0.22, y: 0.22}
      - {x: -0.22999999, y: 0.21}
      - {x: -0.22999999, y: -1.76}
      - {x: -0.64, y: -2.26}
      - {x: -0.65, y: -2.3}
      - {x: -0.61, y: -2.3799999}
      - {x: -0.79999995, y: -2.6}
      - {x: -0.78999996, y: -2.76}
      - {x: -0.76, y: -2.86}
      - {x: -0.7, y: -3.02}
      - {x: -0.63, y: -3.05}
      - {x: -0.57, y: -2.97}
      - {x: -0.45, y: -2.8}
      - {x: -0.39, y: -2.7}
      - {x: -0.42999998, y: -2.52}
      - {x: -0.48999998, y: -2.46}
      - {x: -0.29999998, y: -2.36}
      - {x: -0.22999999, y: -2.31}
      - {x: -0.22999999, y: -3.32}
      - {x: 0.59, y: -3.32}
      - {x: 0.65, y: -3.3}
      - {x: 0.64, y: -2.6799998}
--- !u!50 &1738475052
Rigidbody2D:
  serializedVersion: 4
  m_ObjectHideFlags: 0
  m_PrefabParentObject: {fileID: 0}
  m_PrefabInternal: {fileID: 0}
  m_GameObject: {fileID: 1738475048}
  m_BodyType: 0
  m_Simulated: 0
  m_UseFullKinematicContacts: 0
  m_UseAutoMass: 1
  m_Mass: 6.8966994
  m_LinearDrag: 0
  m_AngularDrag: 0.05
  m_GravityScale: 1
  m_Material: {fileID: 0}
  m_Interpolate: 0
  m_SleepingMode: 1
  m_CollisionDetection: 0
  m_Constraints: 0
--- !u!1001 &1747772012
Prefab:
  m_ObjectHideFlags: 0
  serializedVersion: 2
  m_Modification:
    m_TransformParent: {fileID: 431485172}
    m_Modifications:
    - target: {fileID: 4691548015237972, guid: a2e5247557682d246ad32d1d901c4e67, type: 2}
      propertyPath: m_LocalPosition.x
      value: -0.05
      objectReference: {fileID: 0}
    - target: {fileID: 4691548015237972, guid: a2e5247557682d246ad32d1d901c4e67, type: 2}
      propertyPath: m_LocalPosition.y
      value: 0.12
      objectReference: {fileID: 0}
    - target: {fileID: 4691548015237972, guid: a2e5247557682d246ad32d1d901c4e67, type: 2}
      propertyPath: m_LocalPosition.z
      value: 0
      objectReference: {fileID: 0}
    - target: {fileID: 4691548015237972, guid: a2e5247557682d246ad32d1d901c4e67, type: 2}
      propertyPath: m_LocalRotation.x
      value: -0
      objectReference: {fileID: 0}
    - target: {fileID: 4691548015237972, guid: a2e5247557682d246ad32d1d901c4e67, type: 2}
      propertyPath: m_LocalRotation.y
      value: -0
      objectReference: {fileID: 0}
    - target: {fileID: 4691548015237972, guid: a2e5247557682d246ad32d1d901c4e67, type: 2}
      propertyPath: m_LocalRotation.z
      value: -0
      objectReference: {fileID: 0}
    - target: {fileID: 4691548015237972, guid: a2e5247557682d246ad32d1d901c4e67, type: 2}
      propertyPath: m_LocalRotation.w
      value: 1
      objectReference: {fileID: 0}
    - target: {fileID: 4691548015237972, guid: a2e5247557682d246ad32d1d901c4e67, type: 2}
      propertyPath: m_RootOrder
      value: 1
      objectReference: {fileID: 0}
    m_RemovedComponents: []
  m_ParentPrefab: {fileID: 100100000, guid: a2e5247557682d246ad32d1d901c4e67, type: 2}
  m_IsPrefabParent: 0
--- !u!1 &1805357344
GameObject:
  m_ObjectHideFlags: 0
  m_PrefabParentObject: {fileID: 0}
  m_PrefabInternal: {fileID: 0}
  serializedVersion: 5
  m_Component:
  - component: {fileID: 1805357347}
  - component: {fileID: 1805357346}
  - component: {fileID: 1805357345}
  - component: {fileID: 1805357348}
  - component: {fileID: 1805357349}
  m_Layer: 0
  m_Name: Bird
  m_TagString: Untagged
  m_Icon: {fileID: 0}
  m_NavMeshLayer: 0
  m_StaticEditorFlags: 0
  m_IsActive: 1
--- !u!114 &1805357345
MonoBehaviour:
  m_ObjectHideFlags: 0
  m_PrefabParentObject: {fileID: 0}
  m_PrefabInternal: {fileID: 0}
  m_GameObject: {fileID: 1805357344}
  m_Enabled: 1
  m_EditorHideFlags: 0
  m_Script: {fileID: 11500000, guid: 843058064a9ebdd439a3311eec7e74a1, type: 3}
  m_Name: 
  m_EditorClassIdentifier: 
  currentPlace: {fileID: 1808603919}
  foodCarriedLimit: 3
  carriedFood: 
--- !u!212 &1805357346
SpriteRenderer:
  m_ObjectHideFlags: 0
  m_PrefabParentObject: {fileID: 0}
  m_PrefabInternal: {fileID: 0}
  m_GameObject: {fileID: 1805357344}
  m_Enabled: 1
  m_CastShadows: 0
  m_ReceiveShadows: 0
  m_DynamicOccludee: 1
  m_MotionVectors: 1
  m_LightProbeUsage: 1
  m_ReflectionProbeUsage: 1
  m_Materials:
  - {fileID: 10754, guid: 0000000000000000f000000000000000, type: 0}
  m_StaticBatchInfo:
    firstSubMesh: 0
    subMeshCount: 0
  m_StaticBatchRoot: {fileID: 0}
  m_ProbeAnchor: {fileID: 0}
  m_LightProbeVolumeOverride: {fileID: 0}
  m_ScaleInLightmap: 1
  m_PreserveUVs: 0
  m_IgnoreNormalsForChartDetection: 0
  m_ImportantGI: 0
  m_StitchLightmapSeams: 0
  m_SelectedEditorRenderState: 0
  m_MinimumChartSize: 4
  m_AutoUVMaxDistance: 0.5
  m_AutoUVMaxAngle: 89
  m_LightmapParameters: {fileID: 0}
  m_SortingLayerID: 1314172219
  m_SortingLayer: 4
  m_SortingOrder: 1
  m_Sprite: {fileID: 21300000, guid: 43a7a434b13a7254eb97b015b8f8ec6e, type: 3}
  m_Color: {r: 1, g: 1, b: 1, a: 1}
  m_FlipX: 0
  m_FlipY: 0
  m_DrawMode: 0
  m_Size: {x: 0.2, y: 0.2}
  m_AdaptiveModeThreshold: 0.5
  m_SpriteTileMode: 0
  m_WasSpriteAssigned: 1
  m_MaskInteraction: 0
--- !u!4 &1805357347
Transform:
  m_ObjectHideFlags: 0
  m_PrefabParentObject: {fileID: 0}
  m_PrefabInternal: {fileID: 0}
  m_GameObject: {fileID: 1805357344}
  m_LocalRotation: {x: 0, y: 0, z: 0, w: 1}
  m_LocalPosition: {x: -5.77, y: 1.63, z: 0}
  m_LocalScale: {x: 1, y: 1, z: 1}
  m_Children: []
  m_Father: {fileID: 0}
  m_RootOrder: 1
  m_LocalEulerAnglesHint: {x: 0, y: 0, z: 0}
--- !u!114 &1805357348
MonoBehaviour:
  m_ObjectHideFlags: 0
  m_PrefabParentObject: {fileID: 0}
  m_PrefabInternal: {fileID: 0}
  m_GameObject: {fileID: 1805357344}
  m_Enabled: 1
  m_EditorHideFlags: 0
  m_Script: {fileID: 11500000, guid: eae4315f9f7d83a43910c8e7bedc2340, type: 3}
  m_Name: 
  m_EditorClassIdentifier: 
  source: {x: -5.77, y: 1.63}
  target: {x: 0, y: 0}
  maxJumpLength: 1.5
  maxJumpHeight: 0.65
  moveSpeed: 5.5
  jumpDelayTime: 0.05
  isJumping: 0
--- !u!95 &1805357349
Animator:
  serializedVersion: 3
  m_ObjectHideFlags: 0
  m_PrefabParentObject: {fileID: 0}
  m_PrefabInternal: {fileID: 0}
  m_GameObject: {fileID: 1805357344}
  m_Enabled: 1
  m_Avatar: {fileID: 0}
  m_Controller: {fileID: 9100000, guid: 821d97530c308044a8e1060600aadfdc, type: 2}
  m_CullingMode: 0
  m_UpdateMode: 0
  m_ApplyRootMotion: 0
  m_LinearVelocityBlending: 0
  m_WarningMessage: 
  m_HasTransformHierarchy: 1
  m_AllowConstantClipSamplingOptimization: 1
--- !u!1 &1808603918
GameObject:
  m_ObjectHideFlags: 0
  m_PrefabParentObject: {fileID: 0}
  m_PrefabInternal: {fileID: 0}
  serializedVersion: 5
  m_Component:
  - component: {fileID: 1808603921}
  - component: {fileID: 1808603920}
  - component: {fileID: 1808603922}
  - component: {fileID: 1808603919}
  m_Layer: 8
  m_Name: Nest
  m_TagString: Untagged
  m_Icon: {fileID: 0}
  m_NavMeshLayer: 0
  m_StaticEditorFlags: 0
  m_IsActive: 1
--- !u!114 &1808603919
MonoBehaviour:
  m_ObjectHideFlags: 0
  m_PrefabParentObject: {fileID: 0}
  m_PrefabInternal: {fileID: 0}
  m_GameObject: {fileID: 1808603918}
  m_Enabled: 1
  m_EditorHideFlags: 0
  m_Script: {fileID: 11500000, guid: e43a3979eda522341a6817529f635d64, type: 3}
  m_Name: 
  m_EditorClassIdentifier: 
  adjacentPlace:
  - {fileID: 1145179867}
  - {fileID: 410387654}
  adjacentBranch:
  - {fileID: 1738475049}
  - {fileID: 16180156}
  isInvinite: 0
  maxOccupy: 1
  passAble: 1
  childern:
  - {fileID: 339117742}
  - {fileID: 1278342836}
--- !u!212 &1808603920
SpriteRenderer:
  m_ObjectHideFlags: 0
  m_PrefabParentObject: {fileID: 0}
  m_PrefabInternal: {fileID: 0}
  m_GameObject: {fileID: 1808603918}
  m_Enabled: 1
  m_CastShadows: 0
  m_ReceiveShadows: 0
  m_DynamicOccludee: 1
  m_MotionVectors: 1
  m_LightProbeUsage: 1
  m_ReflectionProbeUsage: 1
  m_Materials:
  - {fileID: 10754, guid: 0000000000000000f000000000000000, type: 0}
  m_StaticBatchInfo:
    firstSubMesh: 0
    subMeshCount: 0
  m_StaticBatchRoot: {fileID: 0}
  m_ProbeAnchor: {fileID: 0}
  m_LightProbeVolumeOverride: {fileID: 0}
  m_ScaleInLightmap: 1
  m_PreserveUVs: 0
  m_IgnoreNormalsForChartDetection: 0
  m_ImportantGI: 0
  m_StitchLightmapSeams: 0
  m_SelectedEditorRenderState: 0
  m_MinimumChartSize: 4
  m_AutoUVMaxDistance: 0.5
  m_AutoUVMaxAngle: 89
  m_LightmapParameters: {fileID: 0}
  m_SortingLayerID: -72040943
  m_SortingLayer: 3
  m_SortingOrder: 0
  m_Sprite: {fileID: 21300000, guid: 34f66f7c348bd1248aef742f76513467, type: 3}
  m_Color: {r: 1, g: 0.44117647, b: 0.44117647, a: 1}
  m_FlipX: 0
  m_FlipY: 0
  m_DrawMode: 0
  m_Size: {x: 0.16, y: 0.16}
  m_AdaptiveModeThreshold: 0.5
  m_SpriteTileMode: 0
  m_WasSpriteAssigned: 1
  m_MaskInteraction: 0
--- !u!4 &1808603921
Transform:
  m_ObjectHideFlags: 0
  m_PrefabParentObject: {fileID: 0}
  m_PrefabInternal: {fileID: 0}
  m_GameObject: {fileID: 1808603918}
  m_LocalRotation: {x: 0, y: 0, z: 0, w: 1}
  m_LocalPosition: {x: -5.59, y: 1.5200001, z: 0}
  m_LocalScale: {x: 1, y: 1, z: 1}
  m_Children:
  - {fileID: 339117741}
  - {fileID: 1278342835}
  m_Father: {fileID: 0}
  m_RootOrder: 2
  m_LocalEulerAnglesHint: {x: 0, y: 0, z: 0}
--- !u!61 &1808603922
BoxCollider2D:
  m_ObjectHideFlags: 0
  m_PrefabParentObject: {fileID: 0}
  m_PrefabInternal: {fileID: 0}
  m_GameObject: {fileID: 1808603918}
  m_Enabled: 1
  m_Density: 1
  m_Material: {fileID: 0}
  m_IsTrigger: 0
  m_UsedByEffector: 0
  m_UsedByComposite: 0
  m_Offset: {x: 0, y: 0}
  m_SpriteTilingProperty:
    border: {x: 0, y: 0, z: 0, w: 0}
    pivot: {x: 0.5, y: 0.5}
    oldSize: {x: 3.53, y: 1.69}
    newSize: {x: 0.16, y: 0.16}
    adaptiveTilingThreshold: 0.5
    drawMode: 0
    adaptiveTiling: 0
  m_AutoTiling: 0
  serializedVersion: 2
  m_Size: {x: 3, y: 1.5}
  m_EdgeRadius: 0
--- !u!1 &1823940817
GameObject:
  m_ObjectHideFlags: 0
  m_PrefabParentObject: {fileID: 0}
  m_PrefabInternal: {fileID: 0}
  serializedVersion: 5
  m_Component:
  - component: {fileID: 1823940820}
  - component: {fileID: 1823940819}
  - component: {fileID: 1823940818}
  m_Layer: 0
  m_Name: EventSystem
  m_TagString: Untagged
  m_Icon: {fileID: 0}
  m_NavMeshLayer: 0
  m_StaticEditorFlags: 0
  m_IsActive: 1
--- !u!114 &1823940818
MonoBehaviour:
  m_ObjectHideFlags: 0
  m_PrefabParentObject: {fileID: 0}
  m_PrefabInternal: {fileID: 0}
  m_GameObject: {fileID: 1823940817}
  m_Enabled: 1
  m_EditorHideFlags: 0
  m_Script: {fileID: 1077351063, guid: f70555f144d8491a825f0804e09c671c, type: 3}
  m_Name: 
  m_EditorClassIdentifier: 
  m_HorizontalAxis: Horizontal
  m_VerticalAxis: Vertical
  m_SubmitButton: Submit
  m_CancelButton: Cancel
  m_InputActionsPerSecond: 10
  m_RepeatDelay: 0.5
  m_ForceModuleActive: 0
--- !u!114 &1823940819
MonoBehaviour:
  m_ObjectHideFlags: 0
  m_PrefabParentObject: {fileID: 0}
  m_PrefabInternal: {fileID: 0}
  m_GameObject: {fileID: 1823940817}
  m_Enabled: 1
  m_EditorHideFlags: 0
  m_Script: {fileID: -619905303, guid: f70555f144d8491a825f0804e09c671c, type: 3}
  m_Name: 
  m_EditorClassIdentifier: 
  m_FirstSelected: {fileID: 0}
  m_sendNavigationEvents: 1
  m_DragThreshold: 5
--- !u!4 &1823940820
Transform:
  m_ObjectHideFlags: 0
  m_PrefabParentObject: {fileID: 0}
  m_PrefabInternal: {fileID: 0}
  m_GameObject: {fileID: 1823940817}
  m_LocalRotation: {x: 0, y: 0, z: 0, w: 1}
  m_LocalPosition: {x: 0, y: 0, z: 0}
  m_LocalScale: {x: 1, y: 1, z: 1}
  m_Children: []
  m_Father: {fileID: 0}
  m_RootOrder: 9
  m_LocalEulerAnglesHint: {x: 0, y: 0, z: 0}
--- !u!1 &2006366216
GameObject:
  m_ObjectHideFlags: 0
  m_PrefabParentObject: {fileID: 0}
  m_PrefabInternal: {fileID: 0}
  serializedVersion: 5
  m_Component:
  - component: {fileID: 2006366220}
  - component: {fileID: 2006366219}
  - component: {fileID: 2006366217}
  - component: {fileID: 2006366218}
  m_Layer: 8
  m_Name: Nest (3)
  m_TagString: Untagged
  m_Icon: {fileID: 0}
  m_NavMeshLayer: 0
  m_StaticEditorFlags: 0
  m_IsActive: 1
--- !u!61 &2006366217
BoxCollider2D:
  m_ObjectHideFlags: 0
  m_PrefabParentObject: {fileID: 0}
  m_PrefabInternal: {fileID: 0}
  m_GameObject: {fileID: 2006366216}
  m_Enabled: 1
  m_Density: 1
  m_Material: {fileID: 0}
  m_IsTrigger: 0
  m_UsedByEffector: 0
  m_UsedByComposite: 0
  m_Offset: {x: 0, y: 0}
  m_SpriteTilingProperty:
    border: {x: 0, y: 0, z: 0, w: 0}
    pivot: {x: 0.5, y: 0.5}
    oldSize: {x: 3.53, y: 1.69}
    newSize: {x: 0.16, y: 0.16}
    adaptiveTilingThreshold: 0.5
    drawMode: 0
    adaptiveTiling: 0
  m_AutoTiling: 0
  serializedVersion: 2
  m_Size: {x: 3, y: 1.7}
  m_EdgeRadius: 0
--- !u!114 &2006366218
MonoBehaviour:
  m_ObjectHideFlags: 0
  m_PrefabParentObject: {fileID: 0}
  m_PrefabInternal: {fileID: 0}
  m_GameObject: {fileID: 2006366216}
  m_Enabled: 1
  m_EditorHideFlags: 0
  m_Script: {fileID: 11500000, guid: e43a3979eda522341a6817529f635d64, type: 3}
  m_Name: 
  m_EditorClassIdentifier: 
  adjacentPlace:
  - {fileID: 431485170}
  adjacentBranch:
  - {fileID: 611693698}
  isInvinite: 0
  maxOccupy: 2
  passAble: 1
  childern:
  - {fileID: 1248043994}
  - {fileID: 2079716296}
--- !u!212 &2006366219
SpriteRenderer:
  m_ObjectHideFlags: 0
  m_PrefabParentObject: {fileID: 0}
  m_PrefabInternal: {fileID: 0}
  m_GameObject: {fileID: 2006366216}
  m_Enabled: 1
  m_CastShadows: 0
  m_ReceiveShadows: 0
  m_DynamicOccludee: 1
  m_MotionVectors: 1
  m_LightProbeUsage: 1
  m_ReflectionProbeUsage: 1
  m_Materials:
  - {fileID: 10754, guid: 0000000000000000f000000000000000, type: 0}
  m_StaticBatchInfo:
    firstSubMesh: 0
    subMeshCount: 0
  m_StaticBatchRoot: {fileID: 0}
  m_ProbeAnchor: {fileID: 0}
  m_LightProbeVolumeOverride: {fileID: 0}
  m_ScaleInLightmap: 1
  m_PreserveUVs: 0
  m_IgnoreNormalsForChartDetection: 0
  m_ImportantGI: 0
  m_StitchLightmapSeams: 0
  m_SelectedEditorRenderState: 0
  m_MinimumChartSize: 4
  m_AutoUVMaxDistance: 0.5
  m_AutoUVMaxAngle: 89
  m_LightmapParameters: {fileID: 0}
  m_SortingLayerID: -72040943
  m_SortingLayer: 3
  m_SortingOrder: 0
  m_Sprite: {fileID: 21300000, guid: 34f66f7c348bd1248aef742f76513467, type: 3}
  m_Color: {r: 1, g: 1, b: 1, a: 1}
  m_FlipX: 0
  m_FlipY: 0
  m_DrawMode: 0
  m_Size: {x: 0.16, y: 0.16}
  m_AdaptiveModeThreshold: 0.5
  m_SpriteTileMode: 0
  m_WasSpriteAssigned: 1
  m_MaskInteraction: 0
--- !u!4 &2006366220
Transform:
  m_ObjectHideFlags: 0
  m_PrefabParentObject: {fileID: 0}
  m_PrefabInternal: {fileID: 0}
  m_GameObject: {fileID: 2006366216}
  m_LocalRotation: {x: 0, y: 0, z: 0, w: 1}
  m_LocalPosition: {x: 7.25, y: -4.94, z: 0}
  m_LocalScale: {x: 1, y: 1, z: 1}
  m_Children:
  - {fileID: 1248043992}
  - {fileID: 2079716294}
  m_Father: {fileID: 0}
  m_RootOrder: 7
  m_LocalEulerAnglesHint: {x: 0, y: 0, z: 0}
--- !u!4 &2079716294 stripped
Transform:
  m_PrefabParentObject: {fileID: 4691703197787610, guid: 8e3d440cff0ebbd4bbc8cc95639e2df8,
    type: 2}
  m_PrefabInternal: {fileID: 2080184042}
--- !u!114 &2079716296 stripped
MonoBehaviour:
  m_PrefabParentObject: {fileID: 114055035015298888, guid: 8e3d440cff0ebbd4bbc8cc95639e2df8,
    type: 2}
  m_PrefabInternal: {fileID: 2080184042}
  m_Script: {fileID: 11500000, guid: 8edf1bf9b3244254f876abda4d1e2f04, type: 3}
--- !u!1001 &2080184042
Prefab:
  m_ObjectHideFlags: 0
  serializedVersion: 2
  m_Modification:
    m_TransformParent: {fileID: 2006366220}
    m_Modifications:
    - target: {fileID: 4691703197787610, guid: 8e3d440cff0ebbd4bbc8cc95639e2df8, type: 2}
      propertyPath: m_LocalPosition.x
      value: 0.59
      objectReference: {fileID: 0}
    - target: {fileID: 4691703197787610, guid: 8e3d440cff0ebbd4bbc8cc95639e2df8, type: 2}
      propertyPath: m_LocalPosition.y
      value: 0.24
      objectReference: {fileID: 0}
    - target: {fileID: 4691703197787610, guid: 8e3d440cff0ebbd4bbc8cc95639e2df8, type: 2}
      propertyPath: m_LocalPosition.z
      value: 0
      objectReference: {fileID: 0}
    - target: {fileID: 4691703197787610, guid: 8e3d440cff0ebbd4bbc8cc95639e2df8, type: 2}
      propertyPath: m_LocalRotation.x
      value: -0
      objectReference: {fileID: 0}
    - target: {fileID: 4691703197787610, guid: 8e3d440cff0ebbd4bbc8cc95639e2df8, type: 2}
      propertyPath: m_LocalRotation.y
      value: -0
      objectReference: {fileID: 0}
    - target: {fileID: 4691703197787610, guid: 8e3d440cff0ebbd4bbc8cc95639e2df8, type: 2}
      propertyPath: m_LocalRotation.z
      value: -0
      objectReference: {fileID: 0}
    - target: {fileID: 4691703197787610, guid: 8e3d440cff0ebbd4bbc8cc95639e2df8, type: 2}
      propertyPath: m_LocalRotation.w
      value: 1
      objectReference: {fileID: 0}
    - target: {fileID: 4691703197787610, guid: 8e3d440cff0ebbd4bbc8cc95639e2df8, type: 2}
      propertyPath: m_RootOrder
      value: 1
      objectReference: {fileID: 0}
    - target: {fileID: 1244081664762186, guid: 8e3d440cff0ebbd4bbc8cc95639e2df8, type: 2}
      propertyPath: m_Name
      value: childMango
      objectReference: {fileID: 0}
    m_RemovedComponents: []
  m_ParentPrefab: {fileID: 100100000, guid: 8e3d440cff0ebbd4bbc8cc95639e2df8, type: 2}
  m_IsPrefabParent: 0
